20140209 220000;0.8958;1
20140209 220000;0.8958;1
20140209 220000;0.8958;1
20140209 220000;0.8959;1
20140209 220001;0.8959;1
20140209 220002;0.8959;1
20140209 220054;0.896;1
20140209 220102;0.896;1
20140209 220107;0.896;1
20140209 220107;0.896;1
20140209 220133;0.896;1
20140209 220136;0.8959;1
20140209 220141;0.896;1
20140209 220152;0.896;1
20140209 220233;0.896;1
20140209 220239;0.896;1
20140209 220242;0.8959;1
20140209 220250;0.8959;1
20140209 220304;0.8959;1
20140209 220413;0.8959;1
20140209 220413;0.8959;1
20140209 220419;0.8959;1
20140209 220426;0.8959;1
20140209 220437;0.8959;1
20140209 220452;0.8959;1
20140209 220458;0.8959;1
20140209 220502;0.8959;1
20140209 220509;0.8959;1
20140209 220538;0.8959;1
20140209 220546;0.8959;1
20140209 220548;0.8959;1
20140209 220633;0.8959;1
20140209 220636;0.8958;1
20140209 220636;0.8958;1
20140209 220642;0.8958;1
20140209 220646;0.8958;1
20140209 220705;0.8958;1
20140209 220706;0.8959;1
20140209 220722;0.8958;1
20140209 220751;0.8958;1
20140209 220752;0.8958;1
20140209 220753;0.8958;1
20140209 220753;0.8958;1
20140209 220754;0.8958;1
20140209 220820;0.8958;1
20140209 220820;0.8959;1
20140209 220820;0.8959;1
20140209 220820;0.8959;1
20140209 220820;0.8959;1
20140209 220821;0.8959;1
20140209 220821;0.8959;1
20140209 220822;0.8959;1
20140209 220824;0.8958;1
20140209 220825;0.8958;1
20140209 220825;0.8958;1
20140209 220825;0.8959;1
20140209 220825;0.8959;1
20140209 220825;0.8959;1
20140209 220825;0.8959;1
20140209 220825;0.8959;1
20140209 220826;0.8959;1
20140209 220827;0.8958;1
20140209 220828;0.8958;1
20140209 220828;0.8959;1
20140209 220828;0.8959;1
20140209 220828;0.8959;1
20140209 220828;0.8959;1
20140209 220829;0.8959;1
20140209 220830;0.8958;1
20140209 220830;0.8958;1
20140209 220831;0.8958;1
20140209 220832;0.8958;1
20140209 220832;0.8958;1
20140209 220832;0.8958;1
20140209 220832;0.8958;1
20140209 220832;0.8958;1
20140209 220833;0.8958;1
20140209 220834;0.8958;1
20140209 220834;0.8958;1
20140209 220835;0.8958;1
20140209 220835;0.8958;1
20140209 220836;0.8958;1
20140209 220838;0.8958;1
20140209 220838;0.8959;1
20140209 220839;0.8959;1
20140209 220840;0.8959;1
20140209 220844;0.8959;1
20140209 220844;0.8959;1
20140209 220846;0.8959;1
20140209 220847;0.8959;1
20140209 220851;0.8959;1
20140209 220851;0.8958;1
20140209 220851;0.8958;1
20140209 220851;0.8958;1
20140209 220852;0.8958;1
20140209 220853;0.8958;1
20140209 220854;0.8958;1
20140209 220858;0.8958;1
20140209 221306;0.8958;1
20140209 221306;0.8958;1
20140209 221316;0.8958;1
20140209 221347;0.8958;1
20140209 221347;0.8958;1
20140209 221351;0.8958;1
20140209 221351;0.8958;1
20140209 221351;0.8957;1
20140209 221351;0.8957;1
20140209 221351;0.8956;1
20140209 221351;0.8956;1
20140209 221351;0.8956;1
20140209 221351;0.8956;1
20140209 221353;0.8956;1
20140209 221353;0.8956;1
20140209 221401;0.8956;1
20140209 221401;0.8957;1
20140209 221404;0.8957;1
20140209 221405;0.8957;1
20140209 221431;0.8957;1
20140209 221553;0.8956;1
20140209 221624;0.8956;1
20140209 221624;0.8956;1
20140209 221859;0.8956;1
20140209 221859;0.8956;1
20140209 221859;0.8956;1
20140209 221946;0.8956;1
20140209 221946;0.8956;1
20140209 222025;0.8956;1
20140209 222025;0.8956;1
20140209 222025;0.8956;1
20140209 222026;0.8956;1
20140209 222026;0.8956;1
20140209 222027;0.8956;1
20140209 222028;0.8956;1
20140209 222028;0.8956;1
20140209 222028;0.8956;1
20140209 222048;0.8956;1
20140209 222101;0.8956;1
20140209 222120;0.8956;1
20140209 222128;0.8956;1
20140209 222128;0.8956;1
20140209 222130;0.8956;1
20140209 222130;0.8956;1
20140209 222206;0.8955;1
20140209 222206;0.8955;1
20140209 222213;0.8955;1
20140209 222213;0.8955;1
20140209 222223;0.8955;1
20140209 222240;0.8955;1
20140209 222240;0.8955;1
20140209 222240;0.8955;1
20140209 222240;0.8955;1
20140209 222240;0.8955;1
20140209 222240;0.8956;1
20140209 222314;0.8956;1
20140209 222322;0.8956;1
20140209 222506;0.8956;1
20140209 222525;0.8956;1
20140209 222527;0.8956;1
20140209 222627;0.8956;1
20140209 222628;0.8956;1
20140209 222717;0.8956;1
20140209 222804;0.8956;1
20140209 222805;0.8956;1
20140209 222809;0.8956;1
20140209 222809;0.8956;1
20140209 222809;0.8956;1
20140209 222809;0.8957;1
20140209 222930;0.8957;1
20140209 222930;0.8957;1
20140209 223001;0.8956;1
20140209 223010;0.8956;1
20140209 223010;0.8956;1
20140209 223012;0.8956;1
20140209 223012;0.8956;1
20140209 223026;0.8956;1
20140209 223026;0.8956;1
20140209 223057;0.8956;1
20140209 223057;0.8956;1
20140209 223104;0.8956;1
20140209 223104;0.8956;1
20140209 223107;0.8956;1
20140209 223107;0.8956;1
20140209 223113;0.8956;1
20140209 223113;0.8956;1
20140209 223113;0.8956;1
20140209 223113;0.8956;1
20140209 223115;0.8956;1
20140209 223116;0.8956;1
20140209 223116;0.8956;1
20140209 223116;0.8956;1
20140209 223117;0.8956;1
20140209 223117;0.8957;1
20140209 223123;0.8957;1
20140209 223123;0.8956;1
20140209 223123;0.8956;1
20140209 223123;0.8956;1
20140209 223124;0.8956;1
20140209 223124;0.8956;1
20140209 223124;0.8956;1
20140209 223133;0.8956;1
20140209 223134;0.8956;1
20140209 223134;0.8956;1
20140209 223136;0.8956;1
20140209 223144;0.8956;1
20140209 223144;0.8956;1
20140209 223155;0.8956;1
20140209 223216;0.8956;1
20140209 223218;0.8956;1
20140209 223218;0.8956;1
20140209 223218;0.8956;1
20140209 223224;0.8957;1
20140209 223224;0.8957;1
20140209 223235;0.8957;1
20140209 223235;0.8957;1
20140209 223246;0.8956;1
20140209 223246;0.8957;1
20140209 223257;0.8956;1
20140209 223300;0.8956;1
20140209 223320;0.8956;1
20140209 223323;0.8956;1
20140209 223323;0.8956;1
20140209 223323;0.8956;1
20140209 223324;0.8956;1
20140209 223325;0.8956;1
20140209 223331;0.8955;1
20140209 223331;0.8955;1
20140209 223331;0.8955;1
20140209 223331;0.8955;1
20140209 223331;0.8955;1
20140209 223331;0.8955;1
20140209 223331;0.8955;1
20140209 223332;0.8955;1
20140209 223338;0.8955;1
20140209 223338;0.8955;1
20140209 223338;0.8955;1
20140209 223338;0.8955;1
20140209 223340;0.8955;1
20140209 223341;0.8955;1
20140209 223343;0.8955;1
20140209 223345;0.8955;1
20140209 223347;0.8955;1
20140209 223347;0.8955;1
20140209 223359;0.8954;1
20140209 223359;0.8954;1
20140209 223359;0.8954;1
20140209 223359;0.8954;1
20140209 223412;0.8954;1
20140209 223412;0.8954;1
20140209 223419;0.8954;1
20140209 223422;0.8954;1
20140209 223422;0.8954;1
20140209 223424;0.8954;1
20140209 223424;0.8954;1
20140209 223435;0.8954;1
20140209 223435;0.8954;1
20140209 223446;0.8954;1
20140209 223446;0.8954;1
20140209 223456;0.8954;1
20140209 223456;0.8954;1
20140209 223524;0.8954;1
20140209 223524;0.8954;1
20140209 223538;0.8954;1
20140209 223538;0.8954;1
20140209 223545;0.8954;1
20140209 223545;0.8954;1
20140209 223545;0.8954;1
20140209 223545;0.8954;1
20140209 223545;0.8954;1
20140209 223545;0.8954;1
20140209 223545;0.8954;1
20140209 223548;0.8954;1
20140209 223548;0.8954;1
20140209 223549;0.8954;1
20140209 223551;0.8954;1
20140209 223552;0.8954;1
20140209 223552;0.8954;1
20140209 223553;0.8954;1
20140209 223554;0.8954;1
20140209 223556;0.8954;1
20140209 223556;0.8954;1
20140209 223559;0.8954;1
20140209 223559;0.8954;1
20140209 223559;0.8954;1
20140209 223607;0.8954;1
20140209 223607;0.8954;1
20140209 223607;0.8954;1
20140209 223607;0.8954;1
20140209 223607;0.8954;1
20140209 223607;0.8954;1
20140209 223753;0.8954;1
20140209 223753;0.8954;1
20140209 223753;0.8954;1
20140209 223754;0.8955;1
20140209 223754;0.8955;1
20140209 223803;0.8954;1
20140209 223803;0.8954;1
20140209 223803;0.8954;1
20140209 223824;0.8954;1
20140209 223843;0.8954;1
20140209 223843;0.8953;1
20140209 223843;0.8953;1
20140209 223843;0.8953;1
20140209 223843;0.8953;1
20140209 223843;0.8953;1
20140209 223843;0.8953;1
20140209 223843;0.8953;1
20140209 223843;0.8954;1
20140209 223843;0.8954;1
20140209 223901;0.8954;1
20140209 223901;0.8954;1
20140209 223901;0.8954;1
20140209 223910;0.8953;1
20140209 223910;0.8953;1
20140209 223910;0.8953;1
20140209 223912;0.8953;1
20140209 223912;0.8953;1
20140209 223916;0.8953;1
20140209 223918;0.8953;1
20140209 223931;0.8953;1
20140209 224004;0.8953;1
20140209 224007;0.8953;1
20140209 224009;0.8953;1
20140209 224012;0.8953;1
20140209 224052;0.8953;1
20140209 224123;0.8953;1
20140209 224141;0.8953;1
20140209 224239;0.8953;1
20140209 224242;0.8953;1
20140209 224242;0.8953;1
20140209 224242;0.8953;1
20140209 224242;0.8954;1
20140209 224242;0.8954;1
20140209 224242;0.8953;1
20140209 224242;0.8953;1
20140209 224242;0.8953;1
20140209 224242;0.8953;1
20140209 224242;0.8953;1
20140209 224242;0.8953;1
20140209 224242;0.8953;1
20140209 224244;0.8953;1
20140209 224305;0.8953;1
20140209 224309;0.8953;1
20140209 224324;0.8953;1
20140209 224331;0.8953;1
20140209 224340;0.8953;1
20140209 224340;0.8953;1
20140209 224340;0.8953;1
20140209 224340;0.8953;1
20140209 224340;0.8954;1
20140209 224340;0.8954;1
20140209 224340;0.8954;1
20140209 224340;0.8954;1
20140209 224343;0.8954;1
20140209 224345;0.8954;1
20140209 224401;0.8954;1
20140209 224401;0.8954;1
20140209 224401;0.8954;1
20140209 224401;0.8954;1
20140209 224403;0.8954;1
20140209 224404;0.8953;1
20140209 224425;0.8953;1
20140209 224425;0.8953;1
20140209 224425;0.8954;1
20140209 224425;0.8954;1
20140209 224425;0.8954;1
20140209 224425;0.8954;1
20140209 224619;0.8954;1
20140209 224619;0.8954;1
20140209 224620;0.8954;1
20140209 224621;0.8954;1
20140209 224622;0.8953;1
20140209 224626;0.8953;1
20140209 224626;0.8953;1
20140209 224632;0.8953;1
20140209 224642;0.8953;1
20140209 224647;0.8953;1
20140209 224706;0.8953;1
20140209 224715;0.8953;1
20140209 224812;0.8953;1
20140209 224812;0.8953;1
20140209 224812;0.8953;1
20140209 224812;0.8953;1
20140209 224813;0.8953;1
20140209 224813;0.8953;1
20140209 224814;0.8953;1
20140209 224912;0.8953;1
20140209 225033;0.8953;1
20140209 225129;0.8953;1
20140209 225144;0.8953;1
20140209 225212;0.8953;1
20140209 225218;0.8953;1
20140209 225244;0.8953;1
20140209 225244;0.8953;1
20140209 225244;0.8953;1
20140209 225244;0.8953;1
20140209 225244;0.8953;1
20140209 225244;0.8954;1
20140209 225244;0.8953;1
20140209 225244;0.8954;1
20140209 225245;0.8954;1
20140209 225245;0.8954;1
20140209 225247;0.8954;1
20140209 225258;0.8953;1
20140209 225258;0.8953;1
20140209 225258;0.8953;1
20140209 225259;0.8953;1
20140209 225259;0.8953;1
20140209 225302;0.8953;1
20140209 225302;0.8953;1
20140209 225308;0.8953;1
20140209 225308;0.8953;1
20140209 225308;0.8953;1
20140209 225308;0.8954;1
20140209 225312;0.8954;1
20140209 225312;0.8954;1
20140209 225312;0.8954;1
20140209 225312;0.8954;1
20140209 225312;0.8954;1
20140209 225312;0.8954;1
20140209 225325;0.8954;1
20140209 225329;0.8954;1
20140209 225413;0.8954;1
20140209 225413;0.8954;1
20140209 225413;0.8954;1
20140209 225417;0.8955;1
20140209 225417;0.8955;1
20140209 225417;0.8955;1
20140209 225417;0.8955;1
20140209 225425;0.8955;1
20140209 225436;0.8954;1
20140209 225436;0.8954;1
20140209 225437;0.8954;1
20140209 225508;0.8953;1
20140209 225508;0.8953;1
20140209 225520;0.8953;1
20140209 225520;0.8953;1
20140209 225540;0.8953;1
20140209 225540;0.8953;1
20140209 225540;0.8953;1
20140209 225540;0.8953;1
20140209 225550;0.8953;1
20140209 225550;0.8953;1
20140209 225618;0.8953;1
20140209 225713;0.8953;1
20140209 225713;0.8953;1
20140209 225713;0.8953;1
20140209 225713;0.8954;1
20140209 225714;0.8954;1
20140209 225714;0.8954;1
20140209 225714;0.8954;1
20140209 225719;0.8954;1
20140209 225719;0.8954;1
20140209 225719;0.8954;1
20140209 225722;0.8954;1
20140209 225722;0.8954;1
20140209 225722;0.8954;1
20140209 225722;0.8954;1
20140209 225728;0.8954;1
20140209 225728;0.8954;1
20140209 225744;0.8954;1
20140209 225744;0.8954;1
20140209 225744;0.8954;1
20140209 225848;0.8954;1
20140209 225853;0.8954;1
20140209 225908;0.8954;1
20140209 225912;0.8954;1
20140209 225920;0.8954;1
20140209 225944;0.8953;1
20140209 230000;0.8952;1
20140209 230000;0.8952;1
20140209 230000;0.8952;1
20140209 230000;0.8952;1
20140209 230000;0.8952;1
20140209 230000;0.8952;1
20140209 230000;0.8953;1
20140209 230000;0.8953;1
20140209 230000;0.8953;1
20140209 230001;0.8953;1
20140209 230002;0.8953;1
20140209 230002;0.8953;1
20140209 230002;0.8953;1
20140209 230005;0.8953;1
20140209 230008;0.8953;1
20140209 230009;0.8954;1
20140209 230009;0.8954;1
20140209 230009;0.8954;1
20140209 230009;0.8954;1
20140209 230009;0.8954;1
20140209 230009;0.8954;1
20140209 230014;0.8954;1
20140209 230014;0.8954;1
20140209 230014;0.8954;1
20140209 230018;0.8954;1
20140209 230018;0.8954;1
20140209 230018;0.8954;1
20140209 230018;0.8954;1
20140209 230023;0.8954;1
20140209 230027;0.8954;1
20140209 230027;0.8954;1
20140209 230027;0.8954;1
20140209 230027;0.8954;1
20140209 230028;0.8954;1
20140209 230028;0.8954;1
20140209 230028;0.8954;1
20140209 230028;0.8954;1
20140209 230031;0.8954;1
20140209 230031;0.8954;1
20140209 230033;0.8954;1
20140209 230033;0.8954;1
20140209 230034;0.8954;1
20140209 230034;0.8954;1
20140209 230034;0.8954;1
20140209 230035;0.8954;1
20140209 230035;0.8954;1
20140209 230035;0.8954;1
20140209 230035;0.8954;1
20140209 230036;0.8954;1
20140209 230036;0.8954;1
20140209 230036;0.8954;1
20140209 230036;0.8954;1
20140209 230036;0.8954;1
20140209 230036;0.8954;1
20140209 230040;0.8954;1
20140209 230040;0.8954;1
20140209 230040;0.8954;1
20140209 230040;0.8954;1
20140209 230040;0.8954;1
20140209 230041;0.8954;1
20140209 230041;0.8954;1
20140209 230042;0.8954;1
20140209 230042;0.8954;1
20140209 230042;0.8954;1
20140209 230042;0.8954;1
20140209 230042;0.8954;1
20140209 230042;0.8954;1
20140209 230042;0.8954;1
20140209 230042;0.8954;1
20140209 230042;0.8954;1
20140209 230043;0.8954;1
20140209 230043;0.8954;1
20140209 230043;0.8954;1
20140209 230043;0.8954;1
20140209 230044;0.8954;1
20140209 230044;0.8954;1
20140209 230045;0.8954;1
20140209 230045;0.8954;1
20140209 230045;0.8954;1
20140209 230045;0.8954;1
20140209 230050;0.8954;1
20140209 230050;0.8954;1
20140209 230050;0.8953;1
20140209 230050;0.8953;1
20140209 230051;0.8953;1
20140209 230051;0.8953;1
20140209 230052;0.8953;1
20140209 230052;0.8953;1
20140209 230052;0.8953;1
20140209 230052;0.8953;1
20140209 230053;0.8953;1
20140209 230053;0.8953;1
20140209 230053;0.8953;1
20140209 230053;0.8953;1
20140209 230054;0.8953;1
20140209 230054;0.8953;1
20140209 230054;0.8953;1
20140209 230054;0.8953;1
20140209 230054;0.8953;1
20140209 230054;0.8953;1
20140209 230054;0.8953;1
20140209 230054;0.8953;1
20140209 230054;0.8953;1
20140209 230055;0.8953;1
20140209 230055;0.8953;1
20140209 230056;0.8953;1
20140209 230056;0.8953;1
20140209 230056;0.8953;1
20140209 230056;0.8953;1
20140209 230058;0.8953;1
20140209 230103;0.8953;1
20140209 230104;0.8953;1
20140209 230105;0.8953;1
20140209 230105;0.8953;1
20140209 230105;0.8953;1
20140209 230105;0.8953;1
20140209 230106;0.8953;1
20140209 230106;0.8953;1
20140209 230106;0.8953;1
20140209 230106;0.8953;1
20140209 230106;0.8953;1
20140209 230107;0.8953;1
20140209 230107;0.8953;1
20140209 230108;0.8953;1
20140209 230109;0.8953;1
20140209 230109;0.8953;1
20140209 230110;0.8953;1
20140209 230110;0.8953;1
20140209 230110;0.8953;1
20140209 230111;0.8953;1
20140209 230111;0.8953;1
20140209 230113;0.8953;1
20140209 230113;0.8953;1
20140209 230113;0.8953;1
20140209 230114;0.8953;1
20140209 230114;0.8953;1
20140209 230114;0.8953;1
20140209 230114;0.8953;1
20140209 230114;0.8953;1
20140209 230115;0.8953;1
20140209 230115;0.8953;1
20140209 230115;0.8953;1
20140209 230116;0.8953;1
20140209 230116;0.8953;1
20140209 230116;0.8953;1
20140209 230116;0.8953;1
20140209 230116;0.8953;1
20140209 230116;0.8953;1
20140209 230116;0.8953;1
20140209 230118;0.8952;1
20140209 230118;0.8952;1
20140209 230118;0.8952;1
20140209 230119;0.8952;1
20140209 230119;0.8953;1
20140209 230119;0.8953;1
20140209 230119;0.8953;1
20140209 230121;0.8953;1
20140209 230121;0.8953;1
20140209 230121;0.8953;1
20140209 230126;0.8953;1
20140209 230128;0.8953;1
20140209 230130;0.8953;1
20140209 230131;0.8953;1
20140209 230133;0.8953;1
20140209 230200;0.8953;1
20140209 230201;0.8953;1
20140209 230220;0.8953;1
20140209 230220;0.8952;1
20140209 230220;0.8952;1
20140209 230221;0.8952;1
20140209 230221;0.8952;1
20140209 230221;0.8952;1
20140209 230221;0.8952;1
20140209 230221;0.8952;1
20140209 230236;0.8952;1
20140209 230254;0.8952;1
20140209 230254;0.8952;1
20140209 230301;0.8952;1
20140209 230301;0.8952;1
20140209 230307;0.8952;1
20140209 230307;0.8952;1
20140209 230308;0.8952;1
20140209 230308;0.8952;1
20140209 230319;0.8952;1
20140209 230319;0.8952;1
20140209 230325;0.8952;1
20140209 230325;0.8952;1
20140209 230325;0.8952;1
20140209 230330;0.8952;1
20140209 230330;0.8952;1
20140209 230332;0.8952;1
20140209 230332;0.8952;1
20140209 230332;0.8952;1
20140209 230340;0.8952;1
20140209 230340;0.8952;1
20140209 230340;0.8952;1
20140209 230342;0.8952;1
20140209 230342;0.8952;1
20140209 230347;0.8952;1
20140209 230349;0.8952;1
20140209 230349;0.8952;1
20140209 230350;0.8952;1
20140209 230350;0.8952;1
20140209 230351;0.8952;1
20140209 230410;0.8952;1
20140209 230410;0.8952;1
20140209 230432;0.8952;1
20140209 230436;0.8952;1
20140209 230436;0.8952;1
20140209 230437;0.8952;1
20140209 230439;0.8952;1
20140209 230441;0.8952;1
20140209 230443;0.8952;1
20140209 230448;0.8952;1
20140209 230449;0.8952;1
20140209 230501;0.8952;1
20140209 230501;0.8952;1
20140209 230502;0.8952;1
20140209 230509;0.8952;1
20140209 230516;0.8952;1
20140209 230516;0.8952;1
20140209 230519;0.8952;1
20140209 230519;0.8952;1
20140209 230525;0.8952;1
20140209 230526;0.8952;1
20140209 230526;0.8952;1
20140209 230534;0.8952;1
20140209 230542;0.8952;1
20140209 230543;0.8952;1
20140209 230546;0.8952;1
20140209 230547;0.8952;1
20140209 230547;0.8952;1
20140209 230547;0.8952;1
20140209 230547;0.8953;1
20140209 230547;0.8952;1
20140209 230549;0.8952;1
20140209 230549;0.8953;1
20140209 230550;0.8952;1
20140209 230550;0.8952;1
20140209 230550;0.8953;1
20140209 230550;0.8952;1
20140209 230557;0.8952;1
20140209 230557;0.8953;1
20140209 230558;0.8952;1
20140209 230558;0.8952;1
20140209 230602;0.8952;1
20140209 230602;0.8953;1
20140209 230603;0.8952;1
20140209 230603;0.8952;1
20140209 230604;0.8952;1
20140209 230604;0.8953;1
20140209 230604;0.8952;1
20140209 230604;0.8952;1
20140209 230612;0.8952;1
20140209 230613;0.8952;1
20140209 230615;0.8952;1
20140209 230615;0.8953;1
20140209 230616;0.8953;1
20140209 230616;0.8953;1
20140209 230616;0.8953;1
20140209 230616;0.8953;1
20140209 230616;0.8952;1
20140209 230616;0.8952;1
20140209 230617;0.8952;1
20140209 230617;0.8953;1
20140209 230627;0.8953;1
20140209 230627;0.8953;1
20140209 230627;0.8953;1
20140209 230628;0.8953;1
20140209 230628;0.8953;1
20140209 230628;0.8953;1
20140209 230629;0.8953;1
20140209 230629;0.8953;1
20140209 230629;0.8953;1
20140209 230629;0.8953;1
20140209 230629;0.8953;1
20140209 230629;0.8953;1
20140209 230640;0.8952;1
20140209 230640;0.8952;1
20140209 230647;0.8952;1
20140209 230647;0.8953;1
20140209 230647;0.8952;1
20140209 230647;0.8952;1
20140209 230652;0.8952;1
20140209 230652;0.8953;1
20140209 230653;0.8952;1
20140209 230653;0.8952;1
20140209 230653;0.8952;1
20140209 230653;0.8953;1
20140209 230654;0.8952;1
20140209 230654;0.8952;1
20140209 230655;0.8952;1
20140209 230655;0.8953;1
20140209 230701;0.8952;1
20140209 230701;0.8952;1
20140209 230701;0.8952;1
20140209 230701;0.8952;1
20140209 230702;0.8952;1
20140209 230702;0.8952;1
20140209 230706;0.8952;1
20140209 230706;0.8952;1
20140209 230706;0.8952;1
20140209 230706;0.8952;1
20140209 230707;0.8952;1
20140209 230715;0.8952;1
20140209 230715;0.8952;1
20140209 230722;0.8952;1
20140209 230722;0.8952;1
20140209 230722;0.8952;1
20140209 230722;0.8952;1
20140209 230723;0.8952;1
20140209 230723;0.8952;1
20140209 230723;0.8952;1
20140209 230723;0.8952;1
20140209 230733;0.8952;1
20140209 230733;0.8952;1
20140209 230746;0.8952;1
20140209 230746;0.8952;1
20140209 230747;0.8952;1
20140209 230747;0.8952;1
20140209 230747;0.8952;1
20140209 230747;0.8952;1
20140209 230749;0.8952;1
20140209 230749;0.8952;1
20140209 230750;0.8952;1
20140209 230750;0.8952;1
20140209 230750;0.8952;1
20140209 230750;0.8952;1
20140209 230758;0.8952;1
20140209 230758;0.8953;1
20140209 230758;0.8952;1
20140209 230758;0.8952;1
20140209 230758;0.8952;1
20140209 230758;0.8952;1
20140209 230759;0.8952;1
20140209 230759;0.8952;1
20140209 230849;0.8952;1
20140209 230849;0.8952;1
20140209 230849;0.8952;1
20140209 230849;0.8952;1
20140209 230849;0.8952;1
20140209 230849;0.8952;1
20140209 230849;0.8952;1
20140209 230849;0.8952;1
20140209 230850;0.8952;1
20140209 230850;0.8952;1
20140209 230850;0.8952;1
20140209 230850;0.8953;1
20140209 230850;0.8952;1
20140209 230850;0.8952;1
20140209 230850;0.8952;1
20140209 230850;0.8952;1
20140209 230852;0.8952;1
20140209 230853;0.8952;1
20140209 230853;0.8952;1
20140209 230854;0.8952;1
20140209 230854;0.8952;1
20140209 230854;0.8952;1
20140209 230854;0.8952;1
20140209 230854;0.8952;1
20140209 230854;0.8952;1
20140209 230909;0.8952;1
20140209 230909;0.8952;1
20140209 230913;0.8952;1
20140209 230924;0.8952;1
20140209 230924;0.8952;1
20140209 230949;0.8952;1
20140209 230950;0.8952;1
20140209 230955;0.8952;1
20140209 230955;0.8952;1
20140209 230959;0.8952;1
20140209 230959;0.8952;1
20140209 231003;0.8952;1
20140209 231004;0.8952;1
20140209 231004;0.8952;1
20140209 231004;0.8952;1
20140209 231004;0.8952;1
20140209 231004;0.8952;1
20140209 231005;0.8952;1
20140209 231018;0.8952;1
20140209 231018;0.8952;1
20140209 231018;0.8952;1
20140209 231018;0.8952;1
20140209 231019;0.8952;1
20140209 231019;0.8952;1
20140209 231019;0.8952;1
20140209 231019;0.8952;1
20140209 231019;0.8952;1
20140209 231019;0.8952;1
20140209 231019;0.8952;1
20140209 231022;0.8952;1
20140209 231025;0.8952;1
20140209 231025;0.8952;1
20140209 231025;0.8952;1
20140209 231025;0.8952;1
20140209 231025;0.8952;1
20140209 231027;0.8952;1
20140209 231027;0.8952;1
20140209 231027;0.8952;1
20140209 231027;0.8952;1
20140209 231028;0.8952;1
20140209 231028;0.8952;1
20140209 231041;0.8952;1
20140209 231042;0.8952;1
20140209 231042;0.8952;1
20140209 231044;0.8952;1
20140209 231044;0.8952;1
20140209 231049;0.8952;1
20140209 231049;0.8952;1
20140209 231049;0.8952;1
20140209 231049;0.8952;1
20140209 231049;0.8952;1
20140209 231049;0.8952;1
20140209 231049;0.8952;1
20140209 231049;0.8952;1
20140209 231050;0.8952;1
20140209 231050;0.8952;1
20140209 231052;0.8952;1
20140209 231053;0.8952;1
20140209 231053;0.8952;1
20140209 231053;0.8952;1
20140209 231053;0.8952;1
20140209 231100;0.8952;1
20140209 231100;0.8952;1
20140209 231102;0.8952;1
20140209 231103;0.8952;1
20140209 231103;0.8952;1
20140209 231105;0.8952;1
20140209 231105;0.8953;1
20140209 231106;0.8952;1
20140209 231108;0.8953;1
20140209 231112;0.8953;1
20140209 231116;0.8953;1
20140209 231116;0.8953;1
20140209 231116;0.8953;1
20140209 231116;0.8953;1
20140209 231116;0.8953;1
20140209 231116;0.8953;1
20140209 231117;0.8953;1
20140209 231121;0.8953;1
20140209 231122;0.8952;1
20140209 231130;0.8952;1
20140209 231132;0.8953;1
20140209 231137;0.8953;1
20140209 231137;0.8953;1
20140209 231142;0.8953;1
20140209 231228;0.8952;1
20140209 231228;0.8952;1
20140209 231229;0.8952;1
20140209 231239;0.8952;1
20140209 231239;0.8952;1
20140209 231239;0.8952;1
20140209 231240;0.8952;1
20140209 231242;0.8952;1
20140209 231244;0.8952;1
20140209 231305;0.8952;1
20140209 231321;0.8952;1
20140209 231321;0.8952;1
20140209 231343;0.8952;1
20140209 231343;0.8952;1
20140209 231345;0.8952;1
20140209 231346;0.8952;1
20140209 231346;0.8952;1
20140209 231347;0.8952;1
20140209 231348;0.8952;1
20140209 231350;0.8952;1
20140209 231350;0.8952;1
20140209 231352;0.8952;1
20140209 231355;0.8952;1
20140209 231355;0.8952;1
20140209 231405;0.8952;1
20140209 231405;0.8952;1
20140209 231457;0.8952;1
20140209 231457;0.8952;1
20140209 231458;0.8952;1
20140209 231500;0.8952;1
20140209 231500;0.8952;1
20140209 231500;0.8952;1
20140209 231500;0.8952;1
20140209 231501;0.8952;1
20140209 231502;0.8952;1
20140209 231502;0.8952;1
20140209 231503;0.8952;1
20140209 231503;0.8952;1
20140209 231503;0.8952;1
20140209 231503;0.8953;1
20140209 231503;0.8953;1
20140209 231505;0.8952;1
20140209 231512;0.8952;1
20140209 231513;0.8952;1
20140209 231514;0.8952;1
20140209 231514;0.8952;1
20140209 231514;0.8952;1
20140209 231514;0.8952;1
20140209 231516;0.8952;1
20140209 231518;0.8952;1
20140209 231518;0.8952;1
20140209 231520;0.8952;1
20140209 231533;0.8952;1
20140209 231534;0.8952;1
20140209 231536;0.8952;1
20140209 231538;0.8952;1
20140209 231539;0.8952;1
20140209 231540;0.8952;1
20140209 231540;0.8952;1
20140209 231540;0.8952;1
20140209 231542;0.8952;1
20140209 231543;0.8952;1
20140209 231552;0.8952;1
20140209 231620;0.8952;1
20140209 231622;0.8952;1
20140209 231622;0.8952;1
20140209 231623;0.8952;1
20140209 231640;0.8952;1
20140209 231640;0.8952;1
20140209 231659;0.8952;1
20140209 231703;0.8952;1
20140209 231711;0.8952;1
20140209 231727;0.8952;1
20140209 231727;0.8952;1
20140209 231729;0.8952;1
20140209 231729;0.8952;1
20140209 231729;0.8952;1
20140209 231734;0.8952;1
20140209 231734;0.8952;1
20140209 231734;0.8952;1
20140209 231734;0.8952;1
20140209 231740;0.8951;1
20140209 231745;0.8952;1
20140209 231745;0.8951;1
20140209 231750;0.8951;1
20140209 231805;0.8951;1
20140209 231818;0.8951;1
20140209 231818;0.8951;1
20140209 231821;0.8951;1
20140209 231823;0.8951;1
20140209 231823;0.8951;1
20140209 231824;0.8951;1
20140209 231824;0.8951;1
20140209 231824;0.8951;1
20140209 231824;0.8951;1
20140209 231824;0.8951;1
20140209 231824;0.895;1
20140209 231827;0.8951;1
20140209 231827;0.8951;1
20140209 231827;0.8951;1
20140209 231828;0.8951;1
20140209 231830;0.8951;1
20140209 231835;0.8951;1
20140209 231837;0.8951;1
20140209 231838;0.8951;1
20140209 231838;0.8951;1
20140209 231844;0.8951;1
20140209 231844;0.8951;1
20140209 231844;0.8951;1
20140209 231844;0.8951;1
20140209 231846;0.895;1
20140209 231848;0.895;1
20140209 231849;0.895;1
20140209 231850;0.895;1
20140209 231851;0.8951;1
20140209 231856;0.895;1
20140209 231858;0.8951;1
20140209 231858;0.8951;1
20140209 231900;0.8951;1
20140209 231900;0.895;1
20140209 231900;0.895;1
20140209 231900;0.895;1
20140209 231906;0.895;1
20140209 231921;0.895;1
20140209 231924;0.895;1
20140209 231924;0.895;1
20140209 231939;0.895;1
20140209 231939;0.895;1
20140209 231946;0.895;1
20140209 231956;0.895;1
20140209 232014;0.895;1
20140209 232019;0.895;1
20140209 232024;0.895;1
20140209 232024;0.895;1
20140209 232024;0.895;1
20140209 232024;0.895;1
20140209 232024;0.895;1
20140209 232024;0.895;1
20140209 232024;0.895;1
20140209 232024;0.895;1
20140209 232024;0.895;1
20140209 232025;0.895;1
20140209 232035;0.895;1
20140209 232040;0.895;1
20140209 232049;0.895;1
20140209 232049;0.895;1
20140209 232049;0.895;1
20140209 232049;0.895;1
20140209 232049;0.895;1
20140209 232050;0.895;1
20140209 232051;0.895;1
20140209 232053;0.895;1
20140209 232055;0.895;1
20140209 232057;0.895;1
20140209 232057;0.895;1
20140209 232058;0.895;1
20140209 232102;0.895;1
20140209 232107;0.895;1
20140209 232107;0.895;1
20140209 232107;0.895;1
20140209 232127;0.8951;1
20140209 232153;0.895;1
20140209 232156;0.8951;1
20140209 232220;0.8951;1
20140209 232222;0.8951;1
20140209 232249;0.895;1
20140209 232250;0.895;1
20140209 232313;0.895;1
20140209 232418;0.8951;1
20140209 232424;0.8951;1
20140209 232424;0.8951;1
20140209 232424;0.8951;1
20140209 232426;0.8951;1
20140209 232427;0.8951;1
20140209 232434;0.8951;1
20140209 232434;0.8951;1
20140209 232437;0.8951;1
20140209 232454;0.8951;1
20140209 232454;0.8951;1
20140209 232454;0.895;1
20140209 232454;0.895;1
20140209 232454;0.895;1
20140209 232455;0.895;1
20140209 232455;0.895;1
20140209 232455;0.895;1
20140209 232455;0.895;1
20140209 232455;0.895;1
20140209 232455;0.895;1
20140209 232455;0.895;1
20140209 232455;0.895;1
20140209 232455;0.895;1
20140209 232455;0.895;1
20140209 232455;0.895;1
20140209 232456;0.895;1
20140209 232456;0.8949;1
20140209 232456;0.8949;1
20140209 232456;0.8949;1
20140209 232456;0.895;1
20140209 232456;0.895;1
20140209 232456;0.895;1
20140209 232456;0.895;1
20140209 232456;0.895;1
20140209 232456;0.895;1
20140209 232456;0.895;1
20140209 232501;0.895;1
20140209 232503;0.895;1
20140209 232505;0.895;1
20140209 232506;0.895;1
20140209 232506;0.895;1
20140209 232506;0.895;1
20140209 232506;0.895;1
20140209 232506;0.895;1
20140209 232506;0.895;1
20140209 232506;0.895;1
20140209 232506;0.895;1
20140209 232508;0.895;1
20140209 232509;0.895;1
20140209 232509;0.895;1
20140209 232509;0.895;1
20140209 232509;0.895;1
20140209 232510;0.895;1
20140209 232510;0.895;1
20140209 232510;0.895;1
20140209 232510;0.895;1
20140209 232510;0.895;1
20140209 232510;0.895;1
20140209 232510;0.895;1
20140209 232511;0.895;1
20140209 232511;0.895;1
20140209 232511;0.895;1
20140209 232512;0.895;1
20140209 232512;0.895;1
20140209 232513;0.895;1
20140209 232513;0.895;1
20140209 232514;0.895;1
20140209 232518;0.895;1
20140209 232518;0.895;1
20140209 232518;0.895;1
20140209 232518;0.895;1
20140209 232518;0.895;1
20140209 232520;0.895;1
20140209 232525;0.895;1
20140209 232532;0.895;1
20140209 232534;0.895;1
20140209 232538;0.895;1
20140209 232539;0.895;1
20140209 232539;0.895;1
20140209 232539;0.895;1
20140209 232539;0.895;1
20140209 232539;0.895;1
20140209 232544;0.895;1
20140209 232544;0.895;1
20140209 232544;0.895;1
20140209 232544;0.895;1
20140209 232544;0.895;1
20140209 232547;0.895;1
20140209 232547;0.895;1
20140209 232548;0.895;1
20140209 232548;0.895;1
20140209 232554;0.895;1
20140209 232555;0.895;1
20140209 232606;0.895;1
20140209 232606;0.8949;1
20140209 232606;0.8949;1
20140209 232606;0.895;1
20140209 232607;0.895;1
20140209 232608;0.8949;1
20140209 232608;0.8949;1
20140209 232609;0.8949;1
20140209 232612;0.8949;1
20140209 232614;0.8949;1
20140209 232614;0.8949;1
20140209 232614;0.8949;1
20140209 232614;0.8949;1
20140209 232614;0.8949;1
20140209 232614;0.8949;1
20140209 232614;0.8949;1
20140209 232614;0.8949;1
20140209 232614;0.8948;1
20140209 232617;0.8949;1
20140209 232617;0.8948;1
20140209 232617;0.8949;1
20140209 232617;0.8949;1
20140209 232618;0.8949;1
20140209 232618;0.8949;1
20140209 232618;0.8949;1
20140209 232618;0.8949;1
20140209 232618;0.8949;1
20140209 232618;0.8949;1
20140209 232618;0.8948;1
20140209 232619;0.8948;1
20140209 232619;0.8948;1
20140209 232619;0.8948;1
20140209 232619;0.8948;1
20140209 232619;0.8948;1
20140209 232621;0.8948;1
20140209 232621;0.8948;1
20140209 232621;0.8948;1
20140209 232622;0.8948;1
20140209 232622;0.8948;1
20140209 232623;0.8948;1
20140209 232623;0.8948;1
20140209 232623;0.8948;1
20140209 232624;0.8948;1
20140209 232625;0.8948;1
20140209 232631;0.8948;1
20140209 232631;0.8948;1
20140209 232631;0.8948;1
20140209 232632;0.8948;1
20140209 232634;0.8948;1
20140209 232635;0.8948;1
20140209 232635;0.8948;1
20140209 232635;0.8948;1
20140209 232635;0.8948;1
20140209 232635;0.8948;1
20140209 232635;0.8948;1
20140209 232635;0.8948;1
20140209 232637;0.8948;1
20140209 232642;0.8948;1
20140209 232642;0.8948;1
20140209 232643;0.8947;1
20140209 232644;0.8947;1
20140209 232644;0.8947;1
20140209 232647;0.8947;1
20140209 232647;0.8947;1
20140209 232650;0.8947;1
20140209 232650;0.8947;1
20140209 232650;0.8947;1
20140209 232650;0.8947;1
20140209 232650;0.8947;1
20140209 232651;0.8947;1
20140209 232651;0.8947;1
20140209 232651;0.8947;1
20140209 232651;0.8947;1
20140209 232653;0.8947;1
20140209 232655;0.8947;1
20140209 232655;0.8947;1
20140209 232655;0.8947;1
20140209 232655;0.8947;1
20140209 232656;0.8947;1
20140209 232700;0.8947;1
20140209 232701;0.8947;1
20140209 232701;0.8947;1
20140209 232701;0.8947;1
20140209 232701;0.8947;1
20140209 232701;0.8947;1
20140209 232711;0.8947;1
20140209 232714;0.8947;1
20140209 232714;0.8947;1
20140209 232718;0.8947;1
20140209 232718;0.8947;1
20140209 232718;0.8947;1
20140209 232718;0.8946;1
20140209 232718;0.8946;1
20140209 232720;0.8946;1
20140209 232720;0.8946;1
20140209 232720;0.8946;1
20140209 232720;0.8946;1
20140209 232720;0.8946;1
20140209 232720;0.8946;1
20140209 232720;0.8946;1
20140209 232720;0.8946;1
20140209 232720;0.8946;1
20140209 232720;0.8946;1
20140209 232720;0.8946;1
20140209 232720;0.8946;1
20140209 232720;0.8946;1
20140209 232720;0.8946;1
20140209 232720;0.8946;1
20140209 232720;0.8946;1
20140209 232720;0.8946;1
20140209 232720;0.8946;1
20140209 232720;0.8946;1
20140209 232722;0.8946;1
20140209 232723;0.8946;1
20140209 232724;0.8946;1
20140209 232727;0.8946;1
20140209 232731;0.8946;1
20140209 232732;0.8946;1
20140209 232742;0.8946;1
20140209 232742;0.8946;1
20140209 232742;0.8946;1
20140209 232742;0.8946;1
20140209 232742;0.8946;1
20140209 232742;0.8946;1
20140209 232747;0.8946;1
20140209 232747;0.8946;1
20140209 232748;0.8946;1
20140209 232748;0.8946;1
20140209 232749;0.8946;1
20140209 232749;0.8947;1
20140209 232749;0.8947;1
20140209 232749;0.8947;1
20140209 232749;0.8947;1
20140209 232749;0.8947;1
20140209 232749;0.8947;1
20140209 232749;0.8947;1
20140209 232749;0.8947;1
20140209 232749;0.8947;1
20140209 232749;0.8947;1
20140209 232749;0.8947;1
20140209 232749;0.8947;1
20140209 232751;0.8947;1
20140209 232751;0.8947;1
20140209 232751;0.8947;1
20140209 232751;0.8947;1
20140209 232751;0.8947;1
20140209 232751;0.8947;1
20140209 232751;0.8947;1
20140209 232751;0.8947;1
20140209 232751;0.8947;1
20140209 232751;0.8947;1
20140209 232753;0.8947;1
20140209 232754;0.8947;1
20140209 232801;0.8947;1
20140209 232801;0.8947;1
20140209 232801;0.8947;1
20140209 232801;0.8947;1
20140209 232801;0.8947;1
20140209 232802;0.8947;1
20140209 232802;0.8947;1
20140209 232802;0.8947;1
20140209 232802;0.8947;1
20140209 232802;0.8947;1
20140209 232802;0.8947;1
20140209 232802;0.8947;1
20140209 232802;0.8947;1
20140209 232803;0.8947;1
20140209 232803;0.8947;1
20140209 232803;0.8947;1
20140209 232823;0.8947;1
20140209 232823;0.8947;1
20140209 232829;0.8947;1
20140209 232831;0.8947;1
20140209 232832;0.8947;1
20140209 232832;0.8947;1
20140209 232832;0.8947;1
20140209 232835;0.8947;1
20140209 232836;0.8947;1
20140209 232836;0.8947;1
20140209 232836;0.8947;1
20140209 232836;0.8947;1
20140209 232836;0.8947;1
20140209 232836;0.8947;1
20140209 232836;0.8947;1
20140209 232838;0.8946;1
20140209 232838;0.8946;1
20140209 232838;0.8946;1
20140209 232842;0.8946;1
20140209 232842;0.8946;1
20140209 232847;0.8946;1
20140209 232851;0.8947;1
20140209 232851;0.8947;1
20140209 232851;0.8947;1
20140209 232851;0.8947;1
20140209 232851;0.8947;1
20140209 232851;0.8947;1
20140209 232851;0.8947;1
20140209 232851;0.8947;1
20140209 232855;0.8947;1
20140209 232856;0.8947;1
20140209 232900;0.8947;1
20140209 232906;0.8947;1
20140209 232909;0.8947;1
20140209 232909;0.8947;1
20140209 232909;0.8947;1
20140209 232909;0.8947;1
20140209 232910;0.8947;1
20140209 232910;0.8947;1
20140209 232910;0.8947;1
20140209 232910;0.8947;1
20140209 232931;0.8947;1
20140209 232931;0.8947;1
20140209 232931;0.8947;1
20140209 232931;0.8947;1
20140209 232932;0.8947;1
20140209 232932;0.8947;1
20140209 232932;0.8947;1
20140209 232932;0.8947;1
20140209 232933;0.8947;1
20140209 232953;0.8947;1
20140209 232955;0.8947;1
20140209 232955;0.8947;1
20140209 233001;0.8947;1
20140209 233026;0.8947;1
20140209 233026;0.8947;1
20140209 233026;0.8947;1
20140209 233026;0.8947;1
20140209 233030;0.8947;1
20140209 233034;0.8947;1
20140209 233034;0.8947;1
20140209 233045;0.8947;1
20140209 233051;0.8947;1
20140209 233051;0.8947;1
20140209 233051;0.8947;1
20140209 233055;0.8947;1
20140209 233057;0.8947;1
20140209 233114;0.8947;1
20140209 233114;0.8947;1
20140209 233114;0.8947;1
20140209 233114;0.8947;1
20140209 233115;0.8947;1
20140209 233124;0.8948;1
20140209 233131;0.8948;1
20140209 233144;0.8948;1
20140209 233144;0.8948;1
20140209 233145;0.8947;1
20140209 233146;0.8948;1
20140209 233151;0.8947;1
20140209 233151;0.8948;1
20140209 233151;0.8948;1
20140209 233151;0.8948;1
20140209 233151;0.8948;1
20140209 233151;0.8947;1
20140209 233151;0.8947;1
20140209 233151;0.8947;1
20140209 233152;0.8947;1
20140209 233152;0.8947;1
20140209 233152;0.8947;1
20140209 233152;0.8946;1
20140209 233152;0.8946;1
20140209 233152;0.8946;1
20140209 233152;0.8946;1
20140209 233152;0.8946;1
20140209 233152;0.8946;1
20140209 233152;0.8946;1
20140209 233152;0.8946;1
20140209 233152;0.8946;1
20140209 233152;0.8947;1
20140209 233152;0.8947;1
20140209 233152;0.8947;1
20140209 233152;0.8947;1
20140209 233152;0.8947;1
20140209 233153;0.8946;1
20140209 233153;0.8946;1
20140209 233153;0.8947;1
20140209 233153;0.8947;1
20140209 233153;0.8947;1
20140209 233153;0.8947;1
20140209 233153;0.8947;1
20140209 233153;0.8947;1
20140209 233158;0.8947;1
20140209 233159;0.8947;1
20140209 233201;0.8946;1
20140209 233201;0.8947;1
20140209 233201;0.8947;1
20140209 233201;0.8947;1
20140209 233201;0.8947;1
20140209 233218;0.8947;1
20140209 233218;0.8947;1
20140209 233219;0.8947;1
20140209 233219;0.8947;1
20140209 233220;0.8947;1
20140209 233229;0.8947;1
20140209 233241;0.8947;1
20140209 233241;0.8947;1
20140209 233241;0.8947;1
20140209 233254;0.8947;1
20140209 233259;0.8947;1
20140209 233318;0.8947;1
20140209 233321;0.8947;1
20140209 233322;0.8947;1
20140209 233322;0.8947;1
20140209 233325;0.8947;1
20140209 233325;0.8947;1
20140209 233326;0.8947;1
20140209 233326;0.8947;1
20140209 233343;0.8947;1
20140209 233343;0.8947;1
20140209 233346;0.8947;1
20140209 233347;0.8947;1
20140209 233347;0.8947;1
20140209 233347;0.8947;1
20140209 233348;0.8947;1
20140209 233348;0.8947;1
20140209 233351;0.8947;1
20140209 233355;0.8947;1
20140209 233357;0.8947;1
20140209 233411;0.8947;1
20140209 233411;0.8947;1
20140209 233411;0.8947;1
20140209 233411;0.8947;1
20140209 233444;0.8947;1
20140209 233448;0.8947;1
20140209 233448;0.8947;1
20140209 233448;0.8947;1
20140209 233500;0.8947;1
20140209 233500;0.8947;1
20140209 233500;0.8947;1
20140209 233500;0.8947;1
20140209 233500;0.8947;1
20140209 233501;0.8947;1
20140209 233501;0.8946;1
20140209 233501;0.8946;1
20140209 233502;0.8946;1
20140209 233502;0.8947;1
20140209 233502;0.8946;1
20140209 233530;0.8946;1
20140209 233533;0.8946;1
20140209 233533;0.8946;1
20140209 233533;0.8946;1
20140209 233535;0.8946;1
20140209 233535;0.8946;1
20140209 233539;0.8946;1
20140209 233539;0.8946;1
20140209 233539;0.8946;1
20140209 233539;0.8946;1
20140209 233539;0.8946;1
20140209 233541;0.8946;1
20140209 233542;0.8946;1
20140209 233544;0.8946;1
20140209 233547;0.8946;1
20140209 233552;0.8946;1
20140209 233552;0.8946;1
20140209 233552;0.8945;1
20140209 233553;0.8946;1
20140209 233553;0.8945;1
20140209 233553;0.8945;1
20140209 233553;0.8945;1
20140209 233558;0.8945;1
20140209 233603;0.8945;1
20140209 233605;0.8945;1
20140209 233605;0.8945;1
20140209 233605;0.8945;1
20140209 233605;0.8945;1
20140209 233605;0.8945;1
20140209 233605;0.8945;1
20140209 233605;0.8945;1
20140209 233606;0.8945;1
20140209 233606;0.8945;1
20140209 233606;0.8945;1
20140209 233606;0.8945;1
20140209 233606;0.8945;1
20140209 233607;0.8945;1
20140209 233608;0.8945;1
20140209 233609;0.8944;1
20140209 233609;0.8945;1
20140209 233612;0.8944;1
20140209 233623;0.8945;1
20140209 233623;0.8945;1
20140209 233630;0.8945;1
20140209 233638;0.8945;1
20140209 233638;0.8945;1
20140209 233638;0.8945;1
20140209 233639;0.8945;1
20140209 233639;0.8945;1
20140209 233641;0.8945;1
20140209 233643;0.8944;1
20140209 233643;0.8944;1
20140209 233643;0.8944;1
20140209 233643;0.8944;1
20140209 233643;0.8944;1
20140209 233643;0.8944;1
20140209 233643;0.8944;1
20140209 233643;0.8944;1
20140209 233643;0.8944;1
20140209 233643;0.8944;1
20140209 233643;0.8944;1
20140209 233643;0.8944;1
20140209 233643;0.8944;1
20140209 233643;0.8944;1
20140209 233643;0.8944;1
20140209 233643;0.8944;1
20140209 233643;0.8944;1
20140209 233643;0.8944;1
20140209 233643;0.8944;1
20140209 233643;0.8944;1
20140209 233643;0.8944;1
20140209 233643;0.8944;1
20140209 233644;0.8943;1
20140209 233644;0.8943;1
20140209 233644;0.8943;1
20140209 233644;0.8943;1
20140209 233644;0.8944;1
20140209 233644;0.8944;1
20140209 233644;0.8944;1
20140209 233644;0.8944;1
20140209 233644;0.8944;1
20140209 233644;0.8944;1
20140209 233644;0.8944;1
20140209 233644;0.8944;1
20140209 233644;0.8944;1
20140209 233644;0.8943;1
20140209 233644;0.8943;1
20140209 233644;0.8944;1
20140209 233644;0.8944;1
20140209 233644;0.8944;1
20140209 233644;0.8944;1
20140209 233645;0.8944;1
20140209 233645;0.8944;1
20140209 233645;0.8944;1
20140209 233645;0.8943;1
20140209 233646;0.8943;1
20140209 233646;0.8943;1
20140209 233647;0.8944;1
20140209 233647;0.8944;1
20140209 233647;0.8944;1
20140209 233647;0.8944;1
20140209 233647;0.8944;1
20140209 233647;0.8944;1
20140209 233648;0.8944;1
20140209 233656;0.8944;1
20140209 233659;0.8944;1
20140209 233700;0.8944;1
20140209 233700;0.8944;1
20140209 233703;0.8944;1
20140209 233703;0.8944;1
20140209 233705;0.8944;1
20140209 233706;0.8944;1
20140209 233706;0.8944;1
20140209 233706;0.8944;1
20140209 233706;0.8944;1
20140209 233710;0.8944;1
20140209 233711;0.8944;1
20140209 233711;0.8944;1
20140209 233718;0.8944;1
20140209 233718;0.8944;1
20140209 233722;0.8944;1
20140209 233723;0.8944;1
20140209 233723;0.8944;1
20140209 233723;0.8944;1
20140209 233723;0.8944;1
20140209 233723;0.8945;1
20140209 233723;0.8944;1
20140209 233723;0.8944;1
20140209 233723;0.8944;1
20140209 233723;0.8944;1
20140209 233723;0.8944;1
20140209 233725;0.8944;1
20140209 233725;0.8944;1
20140209 233725;0.8944;1
20140209 233725;0.8944;1
20140209 233725;0.8944;1
20140209 233725;0.8944;1
20140209 233725;0.8944;1
20140209 233725;0.8944;1
20140209 233725;0.8944;1
20140209 233725;0.8944;1
20140209 233725;0.8944;1
20140209 233725;0.8944;1
20140209 233725;0.8944;1
20140209 233725;0.8944;1
20140209 233725;0.8944;1
20140209 233725;0.8944;1
20140209 233725;0.8944;1
20140209 233726;0.8944;1
20140209 233726;0.8944;1
20140209 233726;0.8943;1
20140209 233727;0.8943;1
20140209 233727;0.8943;1
20140209 233727;0.8943;1
20140209 233727;0.8943;1
20140209 233727;0.8944;1
20140209 233727;0.8944;1
20140209 233727;0.8945;1
20140209 233727;0.8944;1
20140209 233727;0.8944;1
20140209 233727;0.8944;1
20140209 233727;0.8944;1
20140209 233727;0.8944;1
20140209 233728;0.8944;1
20140209 233729;0.8944;1
20140209 233729;0.8944;1
20140209 233734;0.8944;1
20140209 233740;0.8944;1
20140209 233740;0.8944;1
20140209 233740;0.8944;1
20140209 233740;0.8944;1
20140209 233743;0.8944;1
20140209 233743;0.8944;1
20140209 233743;0.8944;1
20140209 233745;0.8944;1
20140209 233752;0.8944;1
20140209 233754;0.8944;1
20140209 233754;0.8944;1
20140209 233754;0.8944;1
20140209 233754;0.8944;1
20140209 233754;0.8944;1
20140209 233754;0.8944;1
20140209 233754;0.8944;1
20140209 233814;0.8944;1
20140209 233814;0.8944;1
20140209 233814;0.8944;1
20140209 233814;0.8944;1
20140209 233814;0.8944;1
20140209 233814;0.8944;1
20140209 233814;0.8944;1
20140209 233815;0.8944;1
20140209 233815;0.8944;1
20140209 233815;0.8944;1
20140209 233815;0.8944;1
20140209 233815;0.8945;1
20140209 233822;0.8945;1
20140209 233827;0.8945;1
20140209 233835;0.8944;1
20140209 233835;0.8945;1
20140209 233836;0.8944;1
20140209 233839;0.8944;1
20140209 233843;0.8944;1
20140209 233843;0.8944;1
20140209 233843;0.8944;1
20140209 233843;0.8944;1
20140209 233843;0.8944;1
20140209 233843;0.8944;1
20140209 233843;0.8944;1
20140209 233843;0.8943;1
20140209 233844;0.8943;1
20140209 233844;0.8943;1
20140209 233844;0.8943;1
20140209 233845;0.8943;1
20140209 233845;0.8943;1
20140209 233846;0.8943;1
20140209 233846;0.8943;1
20140209 233846;0.8943;1
20140209 233846;0.8943;1
20140209 233846;0.8943;1
20140209 233846;0.8944;1
20140209 233846;0.8944;1
20140209 233848;0.8944;1
20140209 233848;0.8944;1
20140209 233848;0.8944;1
20140209 233850;0.8944;1
20140209 233850;0.8943;1
20140209 233850;0.8943;1
20140209 233850;0.8943;1
20140209 233858;0.8943;1
20140209 233859;0.8943;1
20140209 233901;0.8943;1
20140209 233905;0.8943;1
20140209 233906;0.8943;1
20140209 233906;0.8943;1
20140209 233907;0.8943;1
20140209 233908;0.8943;1
20140209 233909;0.8943;1
20140209 233909;0.8943;1
20140209 233912;0.8943;1
20140209 233914;0.8943;1
20140209 233919;0.8943;1
20140209 233924;0.8943;1
20140209 233927;0.8943;1
20140209 233927;0.8943;1
20140209 233927;0.8943;1
20140209 233928;0.8943;1
20140209 233928;0.8943;1
20140209 233928;0.8943;1
20140209 233928;0.8943;1
20140209 233928;0.8943;1
20140209 233929;0.8943;1
20140209 233929;0.8943;1
20140209 233929;0.8943;1
20140209 233931;0.8943;1
20140209 233932;0.8943;1
20140209 233933;0.8943;1
20140209 233933;0.8943;1
20140209 233933;0.8943;1
20140209 233933;0.8943;1
20140209 233933;0.8943;1
20140209 233934;0.8943;1
20140209 233935;0.8943;1
20140209 233935;0.8943;1
20140209 233937;0.8943;1
20140209 233941;0.8943;1
20140209 233942;0.8943;1
20140209 233949;0.8943;1
20140209 233949;0.8943;1
20140209 233950;0.8943;1
20140209 233950;0.8943;1
20140209 233950;0.8943;1
20140209 233950;0.8942;1
20140209 233950;0.8942;1
20140209 234006;0.8942;1
20140209 234006;0.8942;1
20140209 234006;0.8942;1
20140209 234006;0.8942;1
20140209 234006;0.8942;1
20140209 234006;0.8942;1
20140209 234006;0.8942;1
20140209 234006;0.8942;1
20140209 234008;0.8942;1
20140209 234010;0.8942;1
20140209 234013;0.8942;1
20140209 234013;0.8942;1
20140209 234013;0.8942;1
20140209 234013;0.8943;1
20140209 234014;0.8943;1
20140209 234014;0.8943;1
20140209 234014;0.8943;1
20140209 234014;0.8943;1
20140209 234015;0.8943;1
20140209 234015;0.8943;1
20140209 234015;0.8943;1
20140209 234015;0.8943;1
20140209 234015;0.8943;1
20140209 234016;0.8943;1
20140209 234017;0.8943;1
20140209 234020;0.8943;1
20140209 234020;0.8943;1
20140209 234020;0.8943;1
20140209 234020;0.8943;1
20140209 234020;0.8943;1
20140209 234020;0.8943;1
20140209 234023;0.8943;1
20140209 234023;0.8943;1
20140209 234023;0.8943;1
20140209 234023;0.8943;1
20140209 234025;0.8943;1
20140209 234025;0.8943;1
20140209 234025;0.8943;1
20140209 234025;0.8943;1
20140209 234028;0.8943;1
20140209 234028;0.8943;1
20140209 234028;0.8943;1
20140209 234028;0.8943;1
20140209 234028;0.8943;1
20140209 234032;0.8943;1
20140209 234032;0.8943;1
20140209 234032;0.8944;1
20140209 234034;0.8944;1
20140209 234034;0.8943;1
20140209 234034;0.8943;1
20140209 234034;0.8943;1
20140209 234034;0.8943;1
20140209 234034;0.8943;1
20140209 234034;0.8943;1
20140209 234034;0.8943;1
20140209 234034;0.8943;1
20140209 234034;0.8943;1
20140209 234034;0.8943;1
20140209 234043;0.8943;1
20140209 234043;0.8943;1
20140209 234043;0.8943;1
20140209 234043;0.8943;1
20140209 234043;0.8943;1
20140209 234043;0.8943;1
20140209 234043;0.8944;1
20140209 234043;0.8944;1
20140209 234043;0.8944;1
20140209 234043;0.8944;1
20140209 234045;0.8944;1
20140209 234045;0.8944;1
20140209 234048;0.8944;1
20140209 234048;0.8944;1
20140209 234056;0.8944;1
20140209 234056;0.8944;1
20140209 234109;0.8944;1
20140209 234109;0.8944;1
20140209 234110;0.8944;1
20140209 234117;0.8944;1
20140209 234118;0.8944;1
20140209 234118;0.8944;1
20140209 234118;0.8944;1
20140209 234119;0.8944;1
20140209 234119;0.8944;1
20140209 234119;0.8944;1
20140209 234119;0.8944;1
20140209 234119;0.8944;1
20140209 234119;0.8944;1
20140209 234124;0.8944;1
20140209 234124;0.8945;1
20140209 234124;0.8945;1
20140209 234129;0.8945;1
20140209 234129;0.8945;1
20140209 234129;0.8945;1
20140209 234129;0.8945;1
20140209 234129;0.8945;1
20140209 234129;0.8945;1
20140209 234129;0.8945;1
20140209 234129;0.8945;1
20140209 234129;0.8945;1
20140209 234130;0.8945;1
20140209 234130;0.8945;1
20140209 234130;0.8945;1
20140209 234130;0.8945;1
20140209 234130;0.8945;1
20140209 234130;0.8945;1
20140209 234130;0.8945;1
20140209 234130;0.8945;1
20140209 234130;0.8945;1
20140209 234130;0.8945;1
20140209 234130;0.8945;1
20140209 234130;0.8945;1
20140209 234130;0.8945;1
20140209 234130;0.8945;1
20140209 234130;0.8945;1
20140209 234130;0.8945;1
20140209 234131;0.8945;1
20140209 234131;0.8945;1
20140209 234134;0.8945;1
20140209 234135;0.8945;1
20140209 234136;0.8945;1
20140209 234137;0.8945;1
20140209 234137;0.8945;1
20140209 234138;0.8945;1
20140209 234139;0.8945;1
20140209 234141;0.8945;1
20140209 234142;0.8945;1
20140209 234142;0.8945;1
20140209 234142;0.8945;1
20140209 234142;0.8945;1
20140209 234142;0.8945;1
20140209 234142;0.8945;1
20140209 234142;0.8945;1
20140209 234142;0.8945;1
20140209 234142;0.8945;1
20140209 234142;0.8945;1
20140209 234142;0.8945;1
20140209 234142;0.8945;1
20140209 234142;0.8945;1
20140209 234142;0.8945;1
20140209 234142;0.8945;1
20140209 234142;0.8945;1
20140209 234143;0.8945;1
20140209 234143;0.8945;1
20140209 234143;0.8945;1
20140209 234144;0.8945;1
20140209 234146;0.8945;1
20140209 234148;0.8945;1
20140209 234150;0.8945;1
20140209 234152;0.8945;1
20140209 234152;0.8945;1
20140209 234153;0.8946;1
20140209 234153;0.8945;1
20140209 234153;0.8945;1
20140209 234153;0.8945;1
20140209 234153;0.8945;1
20140209 234153;0.8945;1
20140209 234153;0.8945;1
20140209 234153;0.8945;1
20140209 234153;0.8945;1
20140209 234153;0.8945;1
20140209 234153;0.8945;1
20140209 234153;0.8945;1
20140209 234154;0.8945;1
20140209 234154;0.8945;1
20140209 234201;0.8945;1
20140209 234201;0.8945;1
20140209 234201;0.8945;1
20140209 234201;0.8945;1
20140209 234201;0.8945;1
20140209 234205;0.8946;1
20140209 234219;0.8946;1
20140209 234219;0.8946;1
20140209 234219;0.8946;1
20140209 234219;0.8946;1
20140209 234219;0.8946;1
20140209 234219;0.8946;1
20140209 234219;0.8946;1
20140209 234219;0.8946;1
20140209 234220;0.8946;1
20140209 234220;0.8947;1
20140209 234220;0.8947;1
20140209 234220;0.8947;1
20140209 234221;0.8947;1
20140209 234221;0.8946;1
20140209 234221;0.8946;1
20140209 234221;0.8946;1
20140209 234221;0.8946;1
20140209 234221;0.8946;1
20140209 234221;0.8946;1
20140209 234221;0.8946;1
20140209 234221;0.8947;1
20140209 234221;0.8947;1
20140209 234222;0.8947;1
20140209 234222;0.8947;1
20140209 234222;0.8947;1
20140209 234222;0.8947;1
20140209 234223;0.8947;1
20140209 234223;0.8947;1
20140209 234223;0.8947;1
20140209 234223;0.8947;1
20140209 234223;0.8947;1
20140209 234223;0.8947;1
20140209 234223;0.8947;1
20140209 234227;0.8947;1
20140209 234229;0.8947;1
20140209 234233;0.8947;1
20140209 234233;0.8947;1
20140209 234245;0.8947;1
20140209 234245;0.8947;1
20140209 234245;0.8947;1
20140209 234245;0.8947;1
20140209 234245;0.8947;1
20140209 234245;0.8948;1
20140209 234247;0.8948;1
20140209 234247;0.8948;1
20140209 234247;0.8947;1
20140209 234247;0.8947;1
20140209 234247;0.8947;1
20140209 234248;0.8947;1
20140209 234248;0.8947;1
20140209 234248;0.8947;1
20140209 234248;0.8947;1
20140209 234248;0.8948;1
20140209 234249;0.8948;1
20140209 234249;0.8948;1
20140209 234251;0.8948;1
20140209 234251;0.8948;1
20140209 234251;0.8947;1
20140209 234251;0.8947;1
20140209 234251;0.8947;1
20140209 234251;0.8947;1
20140209 234251;0.8947;1
20140209 234251;0.8947;1
20140209 234251;0.8947;1
20140209 234251;0.8947;1
20140209 234251;0.8947;1
20140209 234251;0.8947;1
20140209 234251;0.8947;1
20140209 234251;0.8948;1
20140209 234251;0.8948;1
20140209 234251;0.8948;1
20140209 234251;0.8948;1
20140209 234252;0.8948;1
20140209 234252;0.8948;1
20140209 234253;0.8948;1
20140209 234253;0.8948;1
20140209 234253;0.8948;1
20140209 234255;0.8948;1
20140209 234255;0.8948;1
20140209 234255;0.8947;1
20140209 234256;0.8947;1
20140209 234256;0.8947;1
20140209 234257;0.8947;1
20140209 234257;0.8947;1
20140209 234257;0.8947;1
20140209 234259;0.8947;1
20140209 234259;0.8947;1
20140209 234259;0.8947;1
20140209 234259;0.8947;1
20140209 234259;0.8947;1
20140209 234259;0.8947;1
20140209 234302;0.8947;1
20140209 234302;0.8947;1
20140209 234302;0.8947;1
20140209 234302;0.8947;1
20140209 234303;0.8947;1
20140209 234305;0.8947;1
20140209 234318;0.8947;1
20140209 234320;0.8947;1
20140209 234322;0.8947;1
20140209 234323;0.8947;1
20140209 234326;0.8947;1
20140209 234326;0.8947;1
20140209 234326;0.8947;1
20140209 234326;0.8947;1
20140209 234326;0.8947;1
20140209 234326;0.8947;1
20140209 234326;0.8947;1
20140209 234326;0.8947;1
20140209 234326;0.8947;1
20140209 234326;0.8947;1
20140209 234326;0.8947;1
20140209 234326;0.8947;1
20140209 234328;0.8946;1
20140209 234329;0.8946;1
20140209 234330;0.8946;1
20140209 234330;0.8946;1
20140209 234330;0.8946;1
20140209 234332;0.8947;1
20140209 234332;0.8947;1
20140209 234333;0.8947;1
20140209 234337;0.8947;1
20140209 234342;0.8947;1
20140209 234348;0.8947;1
20140209 234418;0.8947;1
20140209 234418;0.8947;1
20140209 234418;0.8947;1
20140209 234418;0.8947;1
20140209 234418;0.8946;1
20140209 234418;0.8946;1
20140209 234418;0.8946;1
20140209 234418;0.8946;1
20140209 234418;0.8946;1
20140209 234418;0.8946;1
20140209 234418;0.8946;1
20140209 234418;0.8946;1
20140209 234418;0.8946;1
20140209 234418;0.8946;1
20140209 234418;0.8946;1
20140209 234418;0.8946;1
20140209 234418;0.8946;1
20140209 234418;0.8946;1
20140209 234419;0.8946;1
20140209 234419;0.8946;1
20140209 234419;0.8946;1
20140209 234419;0.8946;1
20140209 234419;0.8946;1
20140209 234419;0.8947;1
20140209 234420;0.8947;1
20140209 234421;0.8947;1
20140209 234424;0.8947;1
20140209 234424;0.8947;1
20140209 234424;0.8947;1
20140209 234424;0.8947;1
20140209 234432;0.8947;1
20140209 234432;0.8947;1
20140209 234432;0.8947;1
20140209 234442;0.8947;1
20140209 234442;0.8947;1
20140209 234443;0.8947;1
20140209 234445;0.8947;1
20140209 234500;0.8947;1
20140209 234507;0.8947;1
20140209 234507;0.8947;1
20140209 234508;0.8947;1
20140209 234508;0.8947;1
20140209 234510;0.8947;1
20140209 234511;0.8947;1
20140209 234516;0.8947;1
20140209 234520;0.8947;1
20140209 234520;0.8947;1
20140209 234523;0.8947;1
20140209 234524;0.8947;1
20140209 234524;0.8947;1
20140209 234528;0.8947;1
20140209 234528;0.8947;1
20140209 234533;0.8947;1
20140209 234534;0.8946;1
20140209 234534;0.8946;1
20140209 234534;0.8946;1
20140209 234534;0.8946;1
20140209 234534;0.8946;1
20140209 234534;0.8946;1
20140209 234534;0.8946;1
20140209 234535;0.8946;1
20140209 234535;0.8946;1
20140209 234535;0.8946;1
20140209 234535;0.8947;1
20140209 234535;0.8947;1
20140209 234535;0.8947;1
20140209 234538;0.8947;1
20140209 234538;0.8947;1
20140209 234544;0.8947;1
20140209 234545;0.8947;1
20140209 234553;0.8947;1
20140209 234554;0.8947;1
20140209 234554;0.8947;1
20140209 234609;0.8947;1
20140209 234609;0.8947;1
20140209 234609;0.8947;1
20140209 234610;0.8946;1
20140209 234612;0.8946;1
20140209 234627;0.8946;1
20140209 234627;0.8947;1
20140209 234627;0.8947;1
20140209 234631;0.8947;1
20140209 234631;0.8947;1
20140209 234641;0.8947;1
20140209 234646;0.8947;1
20140209 234646;0.8947;1
20140209 234646;0.8947;1
20140209 234649;0.8947;1
20140209 234649;0.8947;1
20140209 234649;0.8947;1
20140209 234651;0.8947;1
20140209 234652;0.8947;1
20140209 234652;0.8947;1
20140209 234652;0.8947;1
20140209 234652;0.8947;1
20140209 234652;0.8947;1
20140209 234655;0.8947;1
20140209 234657;0.8947;1
20140209 234657;0.8947;1
20140209 234658;0.8947;1
20140209 234708;0.8947;1
20140209 234708;0.8947;1
20140209 234709;0.8947;1
20140209 234709;0.8947;1
20140209 234710;0.8947;1
20140209 234715;0.8947;1
20140209 234715;0.8947;1
20140209 234715;0.8947;1
20140209 234716;0.8947;1
20140209 234718;0.8947;1
20140209 234718;0.8947;1
20140209 234720;0.8947;1
20140209 234720;0.8947;1
20140209 234726;0.8947;1
20140209 234726;0.8947;1
20140209 234728;0.8947;1
20140209 234729;0.8947;1
20140209 234749;0.8947;1
20140209 234749;0.8947;1
20140209 234749;0.8947;1
20140209 234758;0.8947;1
20140209 234758;0.8947;1
20140209 234800;0.8947;1
20140209 234801;0.8947;1
20140209 234803;0.8947;1
20140209 234805;0.8947;1
20140209 234814;0.8947;1
20140209 234814;0.8947;1
20140209 234817;0.8947;1
20140209 234823;0.8947;1
20140209 234825;0.8947;1
20140209 234825;0.8947;1
20140209 234828;0.8947;1
20140209 234830;0.8947;1
20140209 234830;0.8947;1
20140209 234830;0.8947;1
20140209 234830;0.8947;1
20140209 234830;0.8947;1
20140209 234830;0.8947;1
20140209 234830;0.8947;1
20140209 234833;0.8947;1
20140209 234834;0.8947;1
20140209 234835;0.8947;1
20140209 234840;0.8947;1
20140209 234842;0.8947;1
20140209 234847;0.8947;1
20140209 234847;0.8947;1
20140209 234847;0.8947;1
20140209 234847;0.8947;1
20140209 234847;0.8947;1
20140209 234847;0.8947;1
20140209 234847;0.8947;1
20140209 234847;0.8947;1
20140209 234854;0.8947;1
20140209 234901;0.8947;1
20140209 234905;0.8947;1
20140209 234905;0.8947;1
20140209 234905;0.8947;1
20140209 234906;0.8947;1
20140209 234910;0.8947;1
20140209 234912;0.8947;1
20140209 234915;0.8947;1
20140209 234915;0.8947;1
20140209 234920;0.8947;1
20140209 234929;0.8947;1
20140209 234936;0.8947;1
20140209 234936;0.8947;1
20140209 234936;0.8947;1
20140209 234936;0.8947;1
20140209 234936;0.8947;1
20140209 234936;0.8947;1
20140209 234936;0.8947;1
20140209 234936;0.8947;1
20140209 234936;0.8947;1
20140209 234936;0.8946;1
20140209 234937;0.8946;1
20140209 234938;0.8946;1
20140209 234938;0.8946;1
20140209 234938;0.8946;1
20140209 234938;0.8946;1
20140209 234938;0.8946;1
20140209 234942;0.8946;1
20140209 234942;0.8946;1
20140209 234942;0.8946;1
20140209 234942;0.8946;1
20140209 234952;0.8946;1
20140209 234952;0.8946;1
20140209 234953;0.8946;1
20140209 234953;0.8946;1
20140209 234953;0.8946;1
20140209 235001;0.8946;1
20140209 235001;0.8946;1
20140209 235001;0.8946;1
20140209 235001;0.8946;1
20140209 235001;0.8946;1
20140209 235001;0.8946;1
20140209 235004;0.8946;1
20140209 235004;0.8946;1
20140209 235004;0.8946;1
20140209 235004;0.8947;1
20140209 235005;0.8946;1
20140209 235005;0.8946;1
20140209 235005;0.8946;1
20140209 235006;0.8946;1
20140209 235006;0.8946;1
20140209 235006;0.8946;1
20140209 235006;0.8946;1
20140209 235006;0.8946;1
20140209 235006;0.8946;1
20140209 235006;0.8946;1
20140209 235007;0.8946;1
20140209 235007;0.8946;1
20140209 235007;0.8946;1
20140209 235007;0.8946;1
20140209 235007;0.8946;1
20140209 235007;0.8946;1
20140209 235007;0.8946;1
20140209 235009;0.8946;1
20140209 235012;0.8946;1
20140209 235013;0.8946;1
20140209 235015;0.8946;1
20140209 235018;0.8946;1
20140209 235018;0.8947;1
20140209 235033;0.8946;1
20140209 235036;0.8947;1
20140209 235038;0.8946;1
20140209 235038;0.8946;1
20140209 235038;0.8946;1
20140209 235042;0.8946;1
20140209 235050;0.8946;1
20140209 235050;0.8946;1
20140209 235050;0.8946;1
20140209 235050;0.8946;1
20140209 235057;0.8946;1
20140209 235057;0.8946;1
20140209 235102;0.8946;1
20140209 235102;0.8946;1
20140209 235102;0.8946;1
20140209 235102;0.8946;1
20140209 235102;0.8946;1
20140209 235102;0.8946;1
20140209 235102;0.8946;1
20140209 235102;0.8946;1
20140209 235102;0.8946;1
20140209 235102;0.8946;1
20140209 235102;0.8946;1
20140209 235102;0.8946;1
20140209 235102;0.8946;1
20140209 235103;0.8946;1
20140209 235106;0.8946;1
20140209 235106;0.8946;1
20140209 235106;0.8946;1
20140209 235106;0.8946;1
20140209 235106;0.8946;1
20140209 235106;0.8946;1
20140209 235106;0.8946;1
20140209 235106;0.8946;1
20140209 235114;0.8945;1
20140209 235116;0.8946;1
20140209 235116;0.8946;1
20140209 235136;0.8946;1
20140209 235136;0.8946;1
20140209 235136;0.8946;1
20140209 235136;0.8946;1
20140209 235136;0.8946;1
20140209 235136;0.8946;1
20140209 235136;0.8946;1
20140209 235136;0.8946;1
20140209 235136;0.8946;1
20140209 235136;0.8946;1
20140209 235136;0.8946;1
20140209 235136;0.8947;1
20140209 235136;0.8947;1
20140209 235136;0.8947;1
20140209 235137;0.8947;1
20140209 235138;0.8946;1
20140209 235141;0.8946;1
20140209 235141;0.8946;1
20140209 235141;0.8946;1
20140209 235141;0.8946;1
20140209 235141;0.8946;1
20140209 235141;0.8946;1
20140209 235142;0.8946;1
20140209 235142;0.8946;1
20140209 235142;0.8946;1
20140209 235142;0.8946;1
20140209 235142;0.8946;1
20140209 235145;0.8946;1
20140209 235145;0.8946;1
20140209 235146;0.8945;1
20140209 235147;0.8946;1
20140209 235151;0.8946;1
20140209 235151;0.8946;1
20140209 235151;0.8946;1
20140209 235151;0.8946;1
20140209 235152;0.8946;1
20140209 235152;0.8946;1
20140209 235152;0.8946;1
20140209 235152;0.8946;1
20140209 235152;0.8946;1
20140209 235159;0.8946;1
20140209 235220;0.8946;1
20140209 235222;0.8946;1
20140209 235223;0.8946;1
20140209 235223;0.8946;1
20140209 235224;0.8946;1
20140209 235224;0.8946;1
20140209 235229;0.8946;1
20140209 235236;0.8946;1
20140209 235239;0.8946;1
20140209 235244;0.8946;1
20140209 235251;0.8946;1
20140209 235251;0.8946;1
20140209 235251;0.8946;1
20140209 235251;0.8946;1
20140209 235252;0.8946;1
20140209 235252;0.8946;1
20140209 235252;0.8946;1
20140209 235252;0.8946;1
20140209 235252;0.8946;1
20140209 235252;0.8946;1
20140209 235257;0.8946;1
20140209 235259;0.8946;1
20140209 235300;0.8946;1
20140209 235319;0.8946;1
20140209 235319;0.8946;1
20140209 235319;0.8946;1
20140209 235319;0.8946;1
20140209 235319;0.8946;1
20140209 235319;0.8946;1
20140209 235320;0.8946;1
20140209 235321;0.8946;1
20140209 235321;0.8946;1
20140209 235326;0.8946;1
20140209 235332;0.8946;1
20140209 235340;0.8946;1
20140209 235340;0.8946;1
20140209 235357;0.8945;1
20140209 235358;0.8946;1
20140209 235358;0.8945;1
20140209 235358;0.8946;1
20140209 235358;0.8946;1
20140209 235358;0.8946;1
20140209 235359;0.8946;1
20140209 235359;0.8946;1
20140209 235401;0.8946;1
20140209 235407;0.8946;1
20140209 235413;0.8946;1
20140209 235413;0.8946;1
20140209 235414;0.8947;1
20140209 235415;0.8947;1
20140209 235415;0.8947;1
20140209 235415;0.8947;1
20140209 235415;0.8947;1
20140209 235415;0.8946;1
20140209 235415;0.8946;1
20140209 235422;0.8946;1
20140209 235425;0.8946;1
20140209 235425;0.8946;1
20140209 235425;0.8946;1
20140209 235425;0.8946;1
20140209 235425;0.8946;1
20140209 235425;0.8946;1
20140209 235425;0.8946;1
20140209 235425;0.8946;1
20140209 235425;0.8946;1
20140209 235425;0.8946;1
20140209 235425;0.8946;1
20140209 235426;0.8946;1
20140209 235426;0.8946;1
20140209 235426;0.8946;1
20140209 235426;0.8946;1
20140209 235426;0.8946;1
20140209 235426;0.8946;1
20140209 235426;0.8946;1
20140209 235428;0.8946;1
20140209 235428;0.8946;1
20140209 235428;0.8946;1
20140209 235433;0.8946;1
20140209 235434;0.8946;1
20140209 235434;0.8946;1
20140209 235434;0.8946;1
20140209 235434;0.8946;1
20140209 235434;0.8946;1
20140209 235440;0.8946;1
20140209 235504;0.8946;1
20140209 235511;0.8946;1
20140209 235511;0.8946;1
20140209 235511;0.8946;1
20140209 235511;0.8946;1
20140209 235511;0.8946;1
20140209 235511;0.8946;1
20140209 235511;0.8946;1
20140209 235517;0.8946;1
20140209 235517;0.8946;1
20140209 235518;0.8946;1
20140209 235537;0.8946;1
20140209 235540;0.8946;1
20140209 235543;0.8946;1
20140209 235544;0.8946;1
20140209 235551;0.8946;1
20140209 235556;0.8946;1
20140209 235601;0.8946;1
20140209 235612;0.8946;1
20140209 235613;0.8946;1
20140209 235622;0.8946;1
20140209 235623;0.8946;1
20140209 235625;0.8946;1
20140209 235627;0.8946;1
20140209 235627;0.8946;1
20140209 235627;0.8946;1
20140209 235629;0.8946;1
20140209 235629;0.8946;1
20140209 235630;0.8946;1
20140209 235630;0.8946;1
20140209 235630;0.8946;1
20140209 235630;0.8946;1
20140209 235630;0.8946;1
20140209 235630;0.8946;1
20140209 235630;0.8946;1
20140209 235702;0.8946;1
20140209 235703;0.8946;1
20140209 235705;0.8946;1
20140209 235705;0.8946;1
20140209 235705;0.8946;1
20140209 235705;0.8946;1
20140209 235705;0.8946;1
20140209 235705;0.8946;1
20140209 235705;0.8946;1
20140209 235709;0.8946;1
20140209 235711;0.8946;1
20140209 235719;0.8946;1
20140209 235719;0.8946;1
20140209 235719;0.8946;1
20140209 235719;0.8946;1
20140209 235719;0.8946;1
20140209 235720;0.8946;1
20140209 235720;0.8946;1
20140209 235730;0.8946;1
20140209 235730;0.8946;1
20140209 235730;0.8946;1
20140209 235732;0.8946;1
20140209 235732;0.8946;1
20140209 235740;0.8946;1
20140209 235754;0.8946;1
20140209 235800;0.8946;1
20140209 235812;0.8946;1
20140209 235813;0.8946;1
20140209 235813;0.8945;1
20140209 235813;0.8945;1
20140209 235813;0.8945;1
20140209 235813;0.8945;1
20140209 235813;0.8945;1
20140209 235813;0.8945;1
20140209 235813;0.8946;1
20140209 235813;0.8946;1
20140209 235813;0.8946;1
20140209 235813;0.8946;1
20140209 235814;0.8946;1
20140209 235816;0.8946;1
20140209 235817;0.8946;1
20140209 235817;0.8946;1
20140209 235818;0.8946;1
20140209 235821;0.8946;1
20140209 235821;0.8946;1
20140209 235821;0.8946;1
20140209 235821;0.8946;1
20140209 235823;0.8946;1
20140209 235823;0.8946;1
20140209 235823;0.8946;1
20140209 235823;0.8946;1
20140209 235823;0.8946;1
20140209 235824;0.8946;1
20140209 235826;0.8946;1
20140209 235831;0.8945;1
20140209 235831;0.8945;1
20140209 235831;0.8945;1
20140209 235836;0.8945;1
20140209 235836;0.8945;1
20140209 235837;0.8945;1
20140209 235837;0.8945;1
20140209 235837;0.8945;1
20140209 235837;0.8946;1
20140209 235837;0.8946;1
20140209 235837;0.8946;1
20140209 235837;0.8946;1
20140209 235837;0.8946;1
20140209 235837;0.8946;1
20140209 235837;0.8946;1
20140209 235837;0.8946;1
20140209 235837;0.8946;1
20140209 235837;0.8946;1
20140209 235837;0.8946;1
20140209 235840;0.8946;1
20140209 235840;0.8946;1
20140209 235840;0.8946;1
20140209 235840;0.8946;1
20140209 235841;0.8946;1
20140209 235841;0.8946;1
20140209 235841;0.8946;1
20140209 235841;0.8946;1
20140209 235843;0.8946;1
20140209 235843;0.8946;1
20140209 235843;0.8946;1
20140209 235843;0.8946;1
20140209 235844;0.8946;1
20140209 235857;0.8946;1
20140209 235857;0.8945;1
20140209 235857;0.8945;1
20140209 235857;0.8945;1
20140209 235857;0.8945;1
20140209 235916;0.8945;1
20140209 235926;0.8945;1
20140209 235926;0.8946;1
20140209 235927;0.8946;1
20140209 235928;0.8946;1
20140209 235928;0.8946;1
20140209 235928;0.8946;1
20140209 235928;0.8945;1
20140209 235928;0.8945;1
20140209 235944;0.8945;1
20140209 235947;0.8945;1
20140209 235947;0.8945;1
20140209 235949;0.8945;1
20140209 235949;0.8945;1
20140209 235949;0.8945;1
20140209 235952;0.8945;1
20140209 235954;0.8945;1
20140209 235954;0.8945;1
20140209 235954;0.8945;1
20140209 235957;0.8945;1
20140210 000002;0.8945;1
20140210 000002;0.8945;1
20140210 000003;0.8945;1
20140210 000005;0.8945;1
20140210 000005;0.8946;1
20140210 000005;0.8946;1
20140210 000009;0.8946;1
20140210 000009;0.8946;1
20140210 000010;0.8946;1
20140210 000010;0.8946;1
20140210 000011;0.8946;1
20140210 000011;0.8946;1
20140210 000014;0.8946;1
20140210 000015;0.8945;1
20140210 000016;0.8945;1
20140210 000016;0.8945;1
20140210 000022;0.8946;1
20140210 000022;0.8945;1
20140210 000024;0.8945;1
20140210 000024;0.8946;1
20140210 000024;0.8946;1
20140210 000024;0.8946;1
20140210 000024;0.8946;1
20140210 000026;0.8946;1
20140210 000026;0.8946;1
20140210 000027;0.8946;1
20140210 000027;0.8946;1
20140210 000029;0.8946;1
20140210 000029;0.8946;1
20140210 000029;0.8946;1
20140210 000029;0.8945;1
20140210 000029;0.8945;1
20140210 000029;0.8945;1
20140210 000031;0.8945;1
20140210 000032;0.8945;1
20140210 000033;0.8945;1
20140210 000033;0.8945;1
20140210 000038;0.8946;1
20140210 000040;0.8945;1
20140210 000044;0.8946;1
20140210 000048;0.8946;1
20140210 000056;0.8946;1
20140210 000100;0.8946;1
20140210 000100;0.8946;1
20140210 000100;0.8946;1
20140210 000102;0.8946;1
20140210 000103;0.8946;1
20140210 000103;0.8946;1
20140210 000104;0.8946;1
20140210 000104;0.8946;1
20140210 000104;0.8946;1
20140210 000104;0.8946;1
20140210 000104;0.8946;1
20140210 000104;0.8946;1
20140210 000104;0.8945;1
20140210 000104;0.8945;1
20140210 000104;0.8945;1
20140210 000104;0.8945;1
20140210 000104;0.8945;1
20140210 000104;0.8945;1
20140210 000104;0.8945;1
20140210 000104;0.8946;1
20140210 000105;0.8946;1
20140210 000105;0.8946;1
20140210 000106;0.8946;1
20140210 000106;0.8946;1
20140210 000106;0.8946;1
20140210 000106;0.8946;1
20140210 000106;0.8946;1
20140210 000109;0.8946;1
20140210 000109;0.8946;1
20140210 000109;0.8946;1
20140210 000109;0.8946;1
20140210 000109;0.8946;1
20140210 000109;0.8946;1
20140210 000110;0.8946;1
20140210 000112;0.8946;1
20140210 000112;0.8946;1
20140210 000112;0.8946;1
20140210 000114;0.8946;1
20140210 000115;0.8946;1
20140210 000115;0.8946;1
20140210 000115;0.8946;1
20140210 000115;0.8946;1
20140210 000115;0.8946;1
20140210 000115;0.8946;1
20140210 000115;0.8946;1
20140210 000116;0.8946;1
20140210 000116;0.8946;1
20140210 000118;0.8946;1
20140210 000119;0.8946;1
20140210 000119;0.8946;1
20140210 000120;0.8946;1
20140210 000122;0.8946;1
20140210 000122;0.8946;1
20140210 000131;0.8946;1
20140210 000131;0.8946;1
20140210 000131;0.8946;1
20140210 000131;0.8946;1
20140210 000132;0.8946;1
20140210 000132;0.8946;1
20140210 000133;0.8947;1
20140210 000135;0.8947;1
20140210 000137;0.8947;1
20140210 000138;0.8946;1
20140210 000144;0.8946;1
20140210 000145;0.8946;1
20140210 000145;0.8946;1
20140210 000145;0.8946;1
20140210 000146;0.8946;1
20140210 000147;0.8946;1
20140210 000147;0.8946;1
20140210 000148;0.8946;1
20140210 000149;0.8946;1
20140210 000153;0.8946;1
20140210 000153;0.8947;1
20140210 000154;0.8947;1
20140210 000157;0.8947;1
20140210 000157;0.8947;1
20140210 000157;0.8947;1
20140210 000158;0.8947;1
20140210 000159;0.8947;1
20140210 000200;0.8946;1
20140210 000200;0.8946;1
20140210 000200;0.8946;1
20140210 000200;0.8946;1
20140210 000200;0.8946;1
20140210 000200;0.8946;1
20140210 000200;0.8946;1
20140210 000200;0.8946;1
20140210 000200;0.8946;1
20140210 000200;0.8946;1
20140210 000204;0.8946;1
20140210 000205;0.8946;1
20140210 000205;0.8946;1
20140210 000206;0.8946;1
20140210 000206;0.8946;1
20140210 000206;0.8946;1
20140210 000207;0.8946;1
20140210 000207;0.8946;1
20140210 000208;0.8946;1
20140210 000208;0.8946;1
20140210 000208;0.8946;1
20140210 000208;0.8946;1
20140210 000208;0.8947;1
20140210 000211;0.8946;1
20140210 000211;0.8946;1
20140210 000211;0.8946;1
20140210 000211;0.8946;1
20140210 000211;0.8946;1
20140210 000211;0.8946;1
20140210 000211;0.8946;1
20140210 000212;0.8946;1
20140210 000212;0.8947;1
20140210 000212;0.8947;1
20140210 000212;0.8947;1
20140210 000213;0.8947;1
20140210 000214;0.8947;1
20140210 000214;0.8946;1
20140210 000214;0.8946;1
20140210 000214;0.8946;1
20140210 000214;0.8946;1
20140210 000214;0.8946;1
20140210 000214;0.8946;1
20140210 000214;0.8946;1
20140210 000214;0.8946;1
20140210 000214;0.8946;1
20140210 000214;0.8946;1
20140210 000214;0.8947;1
20140210 000214;0.8947;1
20140210 000220;0.8947;1
20140210 000221;0.8947;1
20140210 000221;0.8947;1
20140210 000222;0.8946;1
20140210 000224;0.8946;1
20140210 000224;0.8946;1
20140210 000224;0.8946;1
20140210 000225;0.8946;1
20140210 000226;0.8946;1
20140210 000229;0.8947;1
20140210 000229;0.8947;1
20140210 000230;0.8947;1
20140210 000232;0.8947;1
20140210 000232;0.8947;1
20140210 000232;0.8947;1
20140210 000232;0.8947;1
20140210 000233;0.8947;1
20140210 000233;0.8947;1
20140210 000234;0.8947;1
20140210 000235;0.8947;1
20140210 000236;0.8947;1
20140210 000236;0.8947;1
20140210 000237;0.8947;1
20140210 000237;0.8946;1
20140210 000239;0.8947;1
20140210 000249;0.8947;1
20140210 000253;0.8946;1
20140210 000254;0.8946;1
20140210 000254;0.8946;1
20140210 000255;0.8947;1
20140210 000255;0.8947;1
20140210 000255;0.8947;1
20140210 000255;0.8947;1
20140210 000255;0.8947;1
20140210 000255;0.8947;1
20140210 000255;0.8947;1
20140210 000255;0.8947;1
20140210 000256;0.8947;1
20140210 000300;0.8946;1
20140210 000300;0.8947;1
20140210 000301;0.8946;1
20140210 000301;0.8946;1
20140210 000302;0.8946;1
20140210 000302;0.8946;1
20140210 000302;0.8946;1
20140210 000305;0.8946;1
20140210 000305;0.8946;1
20140210 000305;0.8946;1
20140210 000305;0.8946;1
20140210 000306;0.8946;1
20140210 000306;0.8946;1
20140210 000306;0.8946;1
20140210 000306;0.8946;1
20140210 000306;0.8946;1
20140210 000306;0.8946;1
20140210 000306;0.8946;1
20140210 000310;0.8946;1
20140210 000310;0.8946;1
20140210 000310;0.8946;1
20140210 000310;0.8947;1
20140210 000310;0.8947;1
20140210 000311;0.8947;1
20140210 000312;0.8947;1
20140210 000313;0.8947;1
20140210 000313;0.8947;1
20140210 000315;0.8947;1
20140210 000315;0.8947;1
20140210 000316;0.8947;1
20140210 000316;0.8947;1
20140210 000316;0.8948;1
20140210 000316;0.8948;1
20140210 000316;0.8948;1
20140210 000316;0.8948;1
20140210 000316;0.8948;1
20140210 000316;0.8948;1
20140210 000316;0.8948;1
20140210 000317;0.8948;1
20140210 000317;0.8948;1
20140210 000317;0.8948;1
20140210 000318;0.8948;1
20140210 000318;0.8948;1
20140210 000320;0.8948;1
20140210 000321;0.8948;1
20140210 000321;0.8948;1
20140210 000321;0.8948;1
20140210 000321;0.8948;1
20140210 000322;0.8948;1
20140210 000322;0.8948;1
20140210 000322;0.8948;1
20140210 000322;0.8948;1
20140210 000322;0.8948;1
20140210 000324;0.8948;1
20140210 000324;0.8948;1
20140210 000325;0.8948;1
20140210 000326;0.8948;1
20140210 000326;0.8948;1
20140210 000327;0.8948;1
20140210 000331;0.8948;1
20140210 000332;0.8948;1
20140210 000335;0.8948;1
20140210 000335;0.8948;1
20140210 000335;0.8948;1
20140210 000336;0.8948;1
20140210 000336;0.8948;1
20140210 000336;0.8947;1
20140210 000337;0.8947;1
20140210 000338;0.8947;1
20140210 000341;0.8947;1
20140210 000341;0.8947;1
20140210 000342;0.8947;1
20140210 000342;0.8947;1
20140210 000344;0.8947;1
20140210 000344;0.8947;1
20140210 000345;0.8947;1
20140210 000345;0.8947;1
20140210 000346;0.8947;1
20140210 000347;0.8947;1
20140210 000347;0.8947;1
20140210 000348;0.8947;1
20140210 000349;0.8947;1
20140210 000350;0.8947;1
20140210 000350;0.8947;1
20140210 000350;0.8947;1
20140210 000350;0.8947;1
20140210 000350;0.8947;1
20140210 000350;0.8947;1
20140210 000350;0.8947;1
20140210 000350;0.8947;1
20140210 000350;0.8947;1
20140210 000350;0.8947;1
20140210 000350;0.8946;1
20140210 000350;0.8946;1
20140210 000350;0.8946;1
20140210 000350;0.8946;1
20140210 000351;0.8946;1
20140210 000351;0.8946;1
20140210 000351;0.8947;1
20140210 000351;0.8947;1
20140210 000351;0.8947;1
20140210 000352;0.8947;1
20140210 000352;0.8947;1
20140210 000352;0.8947;1
20140210 000352;0.8947;1
20140210 000355;0.8947;1
20140210 000355;0.8947;1
20140210 000355;0.8947;1
20140210 000355;0.8947;1
20140210 000355;0.8946;1
20140210 000355;0.8946;1
20140210 000356;0.8946;1
20140210 000359;0.8946;1
20140210 000359;0.8946;1
20140210 000359;0.8946;1
20140210 000359;0.8946;1
20140210 000359;0.8946;1
20140210 000359;0.8946;1
20140210 000359;0.8946;1
20140210 000359;0.8946;1
20140210 000401;0.8946;1
20140210 000401;0.8946;1
20140210 000401;0.8946;1
20140210 000401;0.8946;1
20140210 000402;0.8946;1
20140210 000402;0.8946;1
20140210 000403;0.8946;1
20140210 000404;0.8946;1
20140210 000405;0.8946;1
20140210 000406;0.8946;1
20140210 000406;0.8946;1
20140210 000406;0.8946;1
20140210 000407;0.8946;1
20140210 000413;0.8946;1
20140210 000414;0.8946;1
20140210 000418;0.8946;1
20140210 000420;0.8946;1
20140210 000420;0.8946;1
20140210 000421;0.8946;1
20140210 000422;0.8946;1
20140210 000424;0.8946;1
20140210 000424;0.8946;1
20140210 000424;0.8946;1
20140210 000424;0.8946;1
20140210 000424;0.8946;1
20140210 000424;0.8946;1
20140210 000424;0.8946;1
20140210 000424;0.8946;1
20140210 000424;0.8946;1
20140210 000425;0.8946;1
20140210 000426;0.8946;1
20140210 000428;0.8946;1
20140210 000428;0.8946;1
20140210 000428;0.8946;1
20140210 000428;0.8946;1
20140210 000429;0.8946;1
20140210 000429;0.8946;1
20140210 000429;0.8946;1
20140210 000429;0.8946;1
20140210 000444;0.8946;1
20140210 000453;0.8946;1
20140210 000453;0.8946;1
20140210 000453;0.8946;1
20140210 000454;0.8946;1
20140210 000454;0.8946;1
20140210 000455;0.8946;1
20140210 000459;0.8946;1
20140210 000459;0.8946;1
20140210 000500;0.8946;1
20140210 000500;0.8946;1
20140210 000500;0.8946;1
20140210 000500;0.8946;1
20140210 000500;0.8946;1
20140210 000500;0.8946;1
20140210 000500;0.8946;1
20140210 000500;0.8946;1
20140210 000501;0.8946;1
20140210 000501;0.8946;1
20140210 000501;0.8946;1
20140210 000501;0.8946;1
20140210 000502;0.8945;1
20140210 000502;0.8946;1
20140210 000502;0.8946;1
20140210 000502;0.8946;1
20140210 000502;0.8946;1
20140210 000503;0.8946;1
20140210 000503;0.8946;1
20140210 000503;0.8946;1
20140210 000504;0.8946;1
20140210 000506;0.8946;1
20140210 000506;0.8946;1
20140210 000507;0.8946;1
20140210 000507;0.8946;1
20140210 000507;0.8946;1
20140210 000507;0.8946;1
20140210 000507;0.8946;1
20140210 000507;0.8946;1
20140210 000508;0.8946;1
20140210 000508;0.8946;1
20140210 000508;0.8946;1
20140210 000508;0.8946;1
20140210 000508;0.8946;1
20140210 000508;0.8946;1
20140210 000521;0.8946;1
20140210 000522;0.8946;1
20140210 000522;0.8947;1
20140210 000522;0.8947;1
20140210 000522;0.8947;1
20140210 000522;0.8947;1
20140210 000523;0.8947;1
20140210 000523;0.8947;1
20140210 000523;0.8947;1
20140210 000526;0.8947;1
20140210 000526;0.8947;1
20140210 000526;0.8947;1
20140210 000526;0.8946;1
20140210 000526;0.8946;1
20140210 000529;0.8946;1
20140210 000549;0.8946;1
20140210 000549;0.8946;1
20140210 000555;0.8946;1
20140210 000555;0.8946;1
20140210 000555;0.8946;1
20140210 000555;0.8946;1
20140210 000555;0.8946;1
20140210 000555;0.8946;1
20140210 000614;0.8946;1
20140210 000614;0.8946;1
20140210 000614;0.8946;1
20140210 000614;0.8945;1
20140210 000614;0.8945;1
20140210 000614;0.8945;1
20140210 000615;0.8945;1
20140210 000620;0.8945;1
20140210 000621;0.8945;1
20140210 000623;0.8945;1
20140210 000623;0.8945;1
20140210 000623;0.8945;1
20140210 000623;0.8945;1
20140210 000623;0.8945;1
20140210 000623;0.8945;1
20140210 000623;0.8945;1
20140210 000623;0.8945;1
20140210 000624;0.8945;1
20140210 000624;0.8945;1
20140210 000624;0.8945;1
20140210 000624;0.8945;1
20140210 000627;0.8945;1
20140210 000627;0.8945;1
20140210 000627;0.8945;1
20140210 000627;0.8946;1
20140210 000627;0.8946;1
20140210 000627;0.8946;1
20140210 000627;0.8946;1
20140210 000627;0.8946;1
20140210 000627;0.8946;1
20140210 000627;0.8946;1
20140210 000629;0.8946;1
20140210 000629;0.8946;1
20140210 000629;0.8946;1
20140210 000633;0.8946;1
20140210 000638;0.8946;1
20140210 000638;0.8947;1
20140210 000638;0.8947;1
20140210 000638;0.8947;1
20140210 000638;0.8947;1
20140210 000639;0.8947;1
20140210 000640;0.8947;1
20140210 000654;0.8947;1
20140210 000656;0.8947;1
20140210 000658;0.8947;1
20140210 000658;0.8947;1
20140210 000706;0.8947;1
20140210 000706;0.8947;1
20140210 000706;0.8947;1
20140210 000706;0.8947;1
20140210 000706;0.8947;1
20140210 000706;0.8946;1
20140210 000706;0.8946;1
20140210 000709;0.8946;1
20140210 000710;0.8947;1
20140210 000710;0.8947;1
20140210 000710;0.8947;1
20140210 000712;0.8947;1
20140210 000712;0.8947;1
20140210 000712;0.8947;1
20140210 000712;0.8947;1
20140210 000712;0.8947;1
20140210 000712;0.8947;1
20140210 000712;0.8947;1
20140210 000712;0.8947;1
20140210 000719;0.8947;1
20140210 000719;0.8947;1
20140210 000719;0.8947;1
20140210 000719;0.8947;1
20140210 000720;0.8947;1
20140210 000720;0.8947;1
20140210 000720;0.8947;1
20140210 000720;0.8947;1
20140210 000720;0.8947;1
20140210 000720;0.8947;1
20140210 000725;0.8947;1
20140210 000725;0.8947;1
20140210 000726;0.8948;1
20140210 000726;0.8948;1
20140210 000729;0.8948;1
20140210 000730;0.8948;1
20140210 000730;0.8948;1
20140210 000730;0.8948;1
20140210 000730;0.8948;1
20140210 000730;0.8948;1
20140210 000730;0.8948;1
20140210 000730;0.8948;1
20140210 000730;0.8948;1
20140210 000731;0.8948;1
20140210 000735;0.8948;1
20140210 000736;0.8948;1
20140210 000744;0.8948;1
20140210 000744;0.8948;1
20140210 000744;0.8948;1
20140210 000745;0.8948;1
20140210 000745;0.8948;1
20140210 000745;0.8948;1
20140210 000745;0.8949;1
20140210 000745;0.8949;1
20140210 000745;0.8949;1
20140210 000746;0.8949;1
20140210 000746;0.8949;1
20140210 000746;0.8949;1
20140210 000747;0.8948;1
20140210 000747;0.8948;1
20140210 000747;0.8948;1
20140210 000747;0.8948;1
20140210 000747;0.8948;1
20140210 000747;0.8948;1
20140210 000747;0.8948;1
20140210 000751;0.8948;1
20140210 000751;0.8948;1
20140210 000751;0.8949;1
20140210 000754;0.8949;1
20140210 000756;0.8949;1
20140210 000756;0.8949;1
20140210 000756;0.8949;1
20140210 000756;0.8949;1
20140210 000757;0.8949;1
20140210 000757;0.8949;1
20140210 000757;0.8949;1
20140210 000757;0.8949;1
20140210 000758;0.8949;1
20140210 000812;0.8949;1
20140210 000812;0.8949;1
20140210 000813;0.8949;1
20140210 000813;0.8949;1
20140210 000813;0.8949;1
20140210 000813;0.8949;1
20140210 000813;0.8949;1
20140210 000813;0.8949;1
20140210 000813;0.8949;1
20140210 000814;0.8949;1
20140210 000815;0.8948;1
20140210 000815;0.8948;1
20140210 000827;0.8949;1
20140210 000829;0.8948;1
20140210 000831;0.8948;1
20140210 000832;0.8949;1
20140210 000833;0.8949;1
20140210 000833;0.8949;1
20140210 000833;0.8948;1
20140210 000833;0.8948;1
20140210 000833;0.8948;1
20140210 000834;0.8948;1
20140210 000835;0.8948;1
20140210 000835;0.8948;1
20140210 000835;0.8948;1
20140210 000835;0.8948;1
20140210 000835;0.8948;1
20140210 000835;0.8948;1
20140210 000835;0.8948;1
20140210 000835;0.8948;1
20140210 000835;0.8948;1
20140210 000836;0.8948;1
20140210 000837;0.8948;1
20140210 000842;0.8948;1
20140210 000844;0.8948;1
20140210 000844;0.8948;1
20140210 000844;0.8948;1
20140210 000844;0.8948;1
20140210 000844;0.8948;1
20140210 000844;0.8948;1
20140210 000848;0.8948;1
20140210 000849;0.8948;1
20140210 000849;0.8948;1
20140210 000850;0.8948;1
20140210 000850;0.8948;1
20140210 000855;0.8947;1
20140210 000855;0.8947;1
20140210 000856;0.8947;1
20140210 000856;0.8947;1
20140210 000900;0.8947;1
20140210 000900;0.8947;1
20140210 000900;0.8947;1
20140210 000900;0.8947;1
20140210 000900;0.8947;1
20140210 000900;0.8947;1
20140210 000900;0.8947;1
20140210 000902;0.8947;1
20140210 000909;0.8947;1
20140210 000910;0.8947;1
20140210 000936;0.8947;1
20140210 000936;0.8947;1
20140210 000943;0.8947;1
20140210 000943;0.8947;1
20140210 000943;0.8948;1
20140210 000943;0.8948;1
20140210 000943;0.8948;1
20140210 000943;0.8948;1
20140210 000943;0.8948;1
20140210 000943;0.8948;1
20140210 000949;0.8948;1
20140210 000950;0.8948;1
20140210 000955;0.8948;1
20140210 000957;0.8948;1
20140210 001004;0.8948;1
20140210 001007;0.8948;1
20140210 001008;0.8948;1
20140210 001008;0.8948;1
20140210 001009;0.8948;1
20140210 001009;0.8948;1
20140210 001010;0.8948;1
20140210 001014;0.8948;1
20140210 001015;0.8948;1
20140210 001015;0.8947;1
20140210 001015;0.8947;1
20140210 001015;0.8947;1
20140210 001015;0.8947;1
20140210 001015;0.8947;1
20140210 001015;0.8948;1
20140210 001016;0.8948;1
20140210 001016;0.8948;1
20140210 001016;0.8948;1
20140210 001016;0.8948;1
20140210 001020;0.8948;1
20140210 001021;0.8948;1
20140210 001023;0.8948;1
20140210 001026;0.8948;1
20140210 001027;0.8948;1
20140210 001027;0.8948;1
20140210 001027;0.8948;1
20140210 001030;0.8948;1
20140210 001031;0.8948;1
20140210 001035;0.8948;1
20140210 001041;0.8948;1
20140210 001041;0.8948;1
20140210 001041;0.8948;1
20140210 001041;0.8948;1
20140210 001041;0.8948;1
20140210 001041;0.8948;1
20140210 001041;0.8949;1
20140210 001041;0.8949;1
20140210 001041;0.8949;1
20140210 001043;0.8949;1
20140210 001043;0.8949;1
20140210 001045;0.8949;1
20140210 001050;0.8949;1
20140210 001051;0.8949;1
20140210 001103;0.8949;1
20140210 001116;0.8949;1
20140210 001116;0.8949;1
20140210 001116;0.8949;1
20140210 001116;0.8948;1
20140210 001116;0.8948;1
20140210 001118;0.8948;1
20140210 001118;0.8948;1
20140210 001118;0.8948;1
20140210 001118;0.8948;1
20140210 001121;0.8948;1
20140210 001121;0.8948;1
20140210 001121;0.8949;1
20140210 001121;0.8949;1
20140210 001121;0.8949;1
20140210 001124;0.8949;1
20140210 001131;0.8949;1
20140210 001132;0.8949;1
20140210 001140;0.8949;1
20140210 001141;0.8949;1
20140210 001144;0.8949;1
20140210 001157;0.8949;1
20140210 001157;0.8949;1
20140210 001157;0.8949;1
20140210 001157;0.8949;1
20140210 001201;0.8948;1
20140210 001201;0.8948;1
20140210 001201;0.8948;1
20140210 001201;0.8948;1
20140210 001201;0.8948;1
20140210 001201;0.8948;1
20140210 001201;0.8948;1
20140210 001201;0.8948;1
20140210 001201;0.8948;1
20140210 001201;0.8948;1
20140210 001202;0.8948;1
20140210 001203;0.8948;1
20140210 001203;0.8948;1
20140210 001203;0.8948;1
20140210 001217;0.8948;1
20140210 001217;0.8948;1
20140210 001217;0.8948;1
20140210 001217;0.8948;1
20140210 001217;0.8948;1
20140210 001217;0.8948;1
20140210 001217;0.8948;1
20140210 001217;0.8949;1
20140210 001217;0.8949;1
20140210 001217;0.8949;1
20140210 001219;0.8949;1
20140210 001219;0.8949;1
20140210 001222;0.8949;1
20140210 001222;0.8949;1
20140210 001222;0.8949;1
20140210 001222;0.8949;1
20140210 001222;0.8949;1
20140210 001222;0.8949;1
20140210 001227;0.8949;1
20140210 001228;0.895;1
20140210 001228;0.895;1
20140210 001228;0.895;1
20140210 001228;0.895;1
20140210 001228;0.895;1
20140210 001228;0.895;1
20140210 001228;0.895;1
20140210 001228;0.895;1
20140210 001228;0.895;1
20140210 001234;0.895;1
20140210 001234;0.895;1
20140210 001234;0.895;1
20140210 001234;0.895;1
20140210 001234;0.895;1
20140210 001234;0.8951;1
20140210 001234;0.8951;1
20140210 001239;0.8951;1
20140210 001242;0.8951;1
20140210 001245;0.895;1
20140210 001247;0.895;1
20140210 001247;0.895;1
20140210 001247;0.895;1
20140210 001248;0.895;1
20140210 001248;0.895;1
20140210 001249;0.895;1
20140210 001249;0.895;1
20140210 001250;0.895;1
20140210 001256;0.895;1
20140210 001256;0.895;1
20140210 001256;0.895;1
20140210 001257;0.895;1
20140210 001257;0.895;1
20140210 001258;0.895;1
20140210 001303;0.895;1
20140210 001304;0.895;1
20140210 001304;0.895;1
20140210 001305;0.895;1
20140210 001306;0.895;1
20140210 001309;0.895;1
20140210 001309;0.895;1
20140210 001309;0.895;1
20140210 001310;0.895;1
20140210 001310;0.895;1
20140210 001310;0.895;1
20140210 001310;0.895;1
20140210 001320;0.895;1
20140210 001320;0.8951;1
20140210 001320;0.8951;1
20140210 001321;0.8951;1
20140210 001322;0.8951;1
20140210 001324;0.8951;1
20140210 001326;0.8951;1
20140210 001327;0.8951;1
20140210 001327;0.8951;1
20140210 001345;0.8951;1
20140210 001345;0.8951;1
20140210 001345;0.8951;1
20140210 001349;0.895;1
20140210 001349;0.895;1
20140210 001349;0.895;1
20140210 001349;0.895;1
20140210 001349;0.895;1
20140210 001349;0.895;1
20140210 001349;0.895;1
20140210 001349;0.895;1
20140210 001349;0.895;1
20140210 001349;0.8951;1
20140210 001349;0.8951;1
20140210 001350;0.895;1
20140210 001350;0.895;1
20140210 001350;0.895;1
20140210 001350;0.895;1
20140210 001350;0.895;1
20140210 001353;0.895;1
20140210 001353;0.895;1
20140210 001353;0.895;1
20140210 001353;0.895;1
20140210 001355;0.895;1
20140210 001356;0.895;1
20140210 001356;0.895;1
20140210 001356;0.895;1
20140210 001356;0.895;1
20140210 001357;0.895;1
20140210 001358;0.895;1
20140210 001358;0.895;1
20140210 001358;0.895;1
20140210 001358;0.895;1
20140210 001358;0.8949;1
20140210 001358;0.8949;1
20140210 001358;0.8949;1
20140210 001359;0.8949;1
20140210 001359;0.8949;1
20140210 001359;0.8949;1
20140210 001359;0.8949;1
20140210 001359;0.8949;1
20140210 001359;0.8949;1
20140210 001359;0.8949;1
20140210 001359;0.8949;1
20140210 001359;0.8949;1
20140210 001359;0.8949;1
20140210 001359;0.8948;1
20140210 001400;0.8949;1
20140210 001401;0.8948;1
20140210 001401;0.8948;1
20140210 001401;0.8948;1
20140210 001402;0.8949;1
20140210 001402;0.8949;1
20140210 001402;0.8949;1
20140210 001403;0.8949;1
20140210 001403;0.8949;1
20140210 001404;0.8949;1
20140210 001404;0.8949;1
20140210 001404;0.8949;1
20140210 001406;0.8949;1
20140210 001408;0.8949;1
20140210 001408;0.8949;1
20140210 001408;0.8949;1
20140210 001408;0.8949;1
20140210 001408;0.8949;1
20140210 001408;0.8949;1
20140210 001409;0.8949;1
20140210 001409;0.8949;1
20140210 001409;0.8949;1
20140210 001409;0.8949;1
20140210 001410;0.8949;1
20140210 001410;0.8949;1
20140210 001412;0.8949;1
20140210 001412;0.8949;1
20140210 001412;0.8949;1
20140210 001412;0.8949;1
20140210 001414;0.8949;1
20140210 001419;0.8949;1
20140210 001420;0.895;1
20140210 001424;0.8949;1
20140210 001426;0.8949;1
20140210 001426;0.8949;1
20140210 001427;0.8949;1
20140210 001429;0.8949;1
20140210 001430;0.8949;1
20140210 001430;0.8949;1
20140210 001430;0.8949;1
20140210 001430;0.8949;1
20140210 001430;0.8949;1
20140210 001430;0.8949;1
20140210 001430;0.8949;1
20140210 001431;0.8949;1
20140210 001431;0.8949;1
20140210 001431;0.8949;1
20140210 001431;0.8949;1
20140210 001431;0.8949;1
20140210 001431;0.8949;1
20140210 001431;0.8949;1
20140210 001432;0.8949;1
20140210 001432;0.8949;1
20140210 001432;0.8949;1
20140210 001434;0.8949;1
20140210 001435;0.8949;1
20140210 001435;0.8949;1
20140210 001439;0.8949;1
20140210 001439;0.8949;1
20140210 001440;0.8949;1
20140210 001441;0.8949;1
20140210 001441;0.8949;1
20140210 001442;0.8949;1
20140210 001442;0.895;1
20140210 001445;0.8949;1
20140210 001445;0.8949;1
20140210 001445;0.8949;1
20140210 001445;0.8949;1
20140210 001445;0.8949;1
20140210 001445;0.8949;1
20140210 001445;0.8949;1
20140210 001446;0.8949;1
20140210 001446;0.8949;1
20140210 001446;0.8949;1
20140210 001446;0.8949;1
20140210 001446;0.8949;1
20140210 001446;0.8949;1
20140210 001448;0.8949;1
20140210 001452;0.8949;1
20140210 001452;0.8949;1
20140210 001452;0.8949;1
20140210 001452;0.8949;1
20140210 001452;0.8949;1
20140210 001452;0.8949;1
20140210 001452;0.8949;1
20140210 001452;0.8949;1
20140210 001452;0.8949;1
20140210 001452;0.8949;1
20140210 001453;0.895;1
20140210 001459;0.895;1
20140210 001500;0.895;1
20140210 001500;0.8949;1
20140210 001500;0.8949;1
20140210 001500;0.8949;1
20140210 001500;0.8949;1
20140210 001500;0.8949;1
20140210 001500;0.8949;1
20140210 001500;0.8949;1
20140210 001500;0.8949;1
20140210 001500;0.8949;1
20140210 001500;0.8949;1
20140210 001500;0.8949;1
20140210 001500;0.8949;1
20140210 001500;0.8949;1
20140210 001501;0.8949;1
20140210 001508;0.8949;1
20140210 001508;0.8949;1
20140210 001508;0.8949;1
20140210 001509;0.8949;1
20140210 001510;0.8948;1
20140210 001513;0.8948;1
20140210 001513;0.8948;1
20140210 001513;0.8948;1
20140210 001513;0.8948;1
20140210 001513;0.8948;1
20140210 001514;0.8948;1
20140210 001514;0.8948;1
20140210 001514;0.8948;1
20140210 001515;0.8948;1
20140210 001515;0.8948;1
20140210 001515;0.8948;1
20140210 001515;0.8948;1
20140210 001515;0.8948;1
20140210 001515;0.8948;1
20140210 001516;0.8948;1
20140210 001522;0.8948;1
20140210 001534;0.8948;1
20140210 001534;0.8948;1
20140210 001535;0.8948;1
20140210 001536;0.8948;1
20140210 001541;0.8948;1
20140210 001547;0.8947;1
20140210 001548;0.8948;1
20140210 001551;0.8948;1
20140210 001556;0.8948;1
20140210 001558;0.8948;1
20140210 001558;0.8948;1
20140210 001558;0.8948;1
20140210 001558;0.8948;1
20140210 001559;0.8948;1
20140210 001559;0.8948;1
20140210 001559;0.8948;1
20140210 001559;0.8948;1
20140210 001559;0.8948;1
20140210 001559;0.8948;1
20140210 001559;0.8948;1
20140210 001559;0.8948;1
20140210 001559;0.8948;1
20140210 001559;0.8948;1
20140210 001600;0.8948;1
20140210 001600;0.8948;1
20140210 001600;0.8948;1
20140210 001602;0.8948;1
20140210 001602;0.8948;1
20140210 001603;0.8948;1
20140210 001604;0.8949;1
20140210 001604;0.8948;1
20140210 001613;0.8949;1
20140210 001629;0.8949;1
20140210 001629;0.8949;1
20140210 001629;0.8949;1
20140210 001629;0.8949;1
20140210 001629;0.8949;1
20140210 001629;0.8949;1
20140210 001629;0.8949;1
20140210 001629;0.8949;1
20140210 001631;0.8949;1
20140210 001633;0.8948;1
20140210 001633;0.8948;1
20140210 001633;0.8948;1
20140210 001633;0.8948;1
20140210 001633;0.8948;1
20140210 001633;0.8948;1
20140210 001633;0.8948;1
20140210 001635;0.8948;1
20140210 001635;0.8948;1
20140210 001635;0.8948;1
20140210 001636;0.8948;1
20140210 001636;0.8948;1
20140210 001636;0.8948;1
20140210 001638;0.8948;1
20140210 001640;0.8948;1
20140210 001640;0.8948;1
20140210 001640;0.8948;1
20140210 001640;0.8948;1
20140210 001640;0.8948;1
20140210 001640;0.8948;1
20140210 001645;0.8948;1
20140210 001659;0.8948;1
20140210 001702;0.8948;1
20140210 001706;0.8948;1
20140210 001707;0.8948;1
20140210 001733;0.8948;1
20140210 001733;0.8948;1
20140210 001733;0.8948;1
20140210 001734;0.8948;1
20140210 001734;0.8948;1
20140210 001734;0.8948;1
20140210 001734;0.8948;1
20140210 001734;0.8948;1
20140210 001734;0.8948;1
20140210 001734;0.8948;1
20140210 001734;0.8948;1
20140210 001734;0.8948;1
20140210 001735;0.8948;1
20140210 001735;0.8948;1
20140210 001735;0.8949;1
20140210 001736;0.8949;1
20140210 001736;0.8949;1
20140210 001744;0.8949;1
20140210 001744;0.8949;1
20140210 001744;0.8949;1
20140210 001744;0.8949;1
20140210 001744;0.8949;1
20140210 001744;0.8949;1
20140210 001744;0.895;1
20140210 001744;0.895;1
20140210 001745;0.895;1
20140210 001745;0.895;1
20140210 001745;0.895;1
20140210 001745;0.895;1
20140210 001745;0.895;1
20140210 001745;0.895;1
20140210 001745;0.8951;1
20140210 001745;0.8951;1
20140210 001745;0.8951;1
20140210 001745;0.8951;1
20140210 001745;0.8951;1
20140210 001745;0.8951;1
20140210 001746;0.8951;1
20140210 001746;0.8951;1
20140210 001747;0.8951;1
20140210 001749;0.8951;1
20140210 001749;0.8951;1
20140210 001749;0.8951;1
20140210 001749;0.8951;1
20140210 001753;0.8951;1
20140210 001753;0.8951;1
20140210 001753;0.8951;1
20140210 001754;0.8951;1
20140210 001754;0.8951;1
20140210 001758;0.8951;1
20140210 001758;0.8951;1
20140210 001759;0.8951;1
20140210 001759;0.8951;1
20140210 001800;0.8951;1
20140210 001801;0.8951;1
20140210 001801;0.8951;1
20140210 001801;0.8951;1
20140210 001802;0.8951;1
20140210 001804;0.8951;1
20140210 001806;0.8951;1
20140210 001806;0.8951;1
20140210 001806;0.8951;1
20140210 001806;0.8951;1
20140210 001807;0.8951;1
20140210 001807;0.8951;1
20140210 001810;0.8951;1
20140210 001816;0.8951;1
20140210 001816;0.8951;1
20140210 001816;0.8951;1
20140210 001820;0.8951;1
20140210 001820;0.8951;1
20140210 001820;0.8951;1
20140210 001821;0.8951;1
20140210 001821;0.8951;1
20140210 001821;0.8951;1
20140210 001821;0.8951;1
20140210 001821;0.8951;1
20140210 001821;0.8951;1
20140210 001821;0.8951;1
20140210 001821;0.8951;1
20140210 001821;0.8951;1
20140210 001821;0.8951;1
20140210 001822;0.8951;1
20140210 001822;0.8951;1
20140210 001822;0.8951;1
20140210 001822;0.8951;1
20140210 001822;0.8951;1
20140210 001822;0.8951;1
20140210 001822;0.8951;1
20140210 001822;0.8951;1
20140210 001822;0.8951;1
20140210 001822;0.8951;1
20140210 001822;0.8951;1
20140210 001822;0.8951;1
20140210 001822;0.8951;1
20140210 001822;0.8952;1
20140210 001822;0.8951;1
20140210 001823;0.8951;1
20140210 001823;0.8951;1
20140210 001823;0.8951;1
20140210 001823;0.8951;1
20140210 001825;0.8951;1
20140210 001826;0.8951;1
20140210 001827;0.8951;1
20140210 001831;0.8951;1
20140210 001833;0.8951;1
20140210 001833;0.8951;1
20140210 001833;0.8952;1
20140210 001833;0.8952;1
20140210 001837;0.8952;1
20140210 001837;0.8952;1
20140210 001837;0.8952;1
20140210 001839;0.8952;1
20140210 001841;0.8952;1
20140210 001857;0.8952;1
20140210 001858;0.8952;1
20140210 001859;0.8952;1
20140210 001859;0.8951;1
20140210 001859;0.8951;1
20140210 001859;0.8951;1
20140210 001900;0.8951;1
20140210 001900;0.8952;1
20140210 001916;0.8951;1
20140210 001917;0.8951;1
20140210 001919;0.8951;1
20140210 001919;0.8951;1
20140210 001919;0.8951;1
20140210 001919;0.8951;1
20140210 001920;0.8951;1
20140210 001920;0.8951;1
20140210 001920;0.8951;1
20140210 001921;0.8951;1
20140210 001922;0.8951;1
20140210 001923;0.8951;1
20140210 001924;0.8951;1
20140210 001924;0.8951;1
20140210 001925;0.8951;1
20140210 001926;0.8951;1
20140210 001926;0.8951;1
20140210 001926;0.8951;1
20140210 001926;0.8951;1
20140210 001926;0.8951;1
20140210 001926;0.8951;1
20140210 001928;0.8951;1
20140210 001929;0.8951;1
20140210 001929;0.8951;1
20140210 001936;0.8951;1
20140210 001938;0.8951;1
20140210 001939;0.8951;1
20140210 001939;0.8951;1
20140210 001942;0.8951;1
20140210 001958;0.8951;1
20140210 002001;0.8951;1
20140210 002005;0.8951;1
20140210 002005;0.8951;1
20140210 002011;0.8951;1
20140210 002014;0.8951;1
20140210 002014;0.8951;1
20140210 002014;0.8951;1
20140210 002014;0.8951;1
20140210 002014;0.8951;1
20140210 002014;0.8951;1
20140210 002014;0.8951;1
20140210 002017;0.8951;1
20140210 002019;0.8951;1
20140210 002020;0.8951;1
20140210 002023;0.8951;1
20140210 002023;0.8951;1
20140210 002023;0.8951;1
20140210 002023;0.8951;1
20140210 002023;0.8951;1
20140210 002023;0.8951;1
20140210 002023;0.8951;1
20140210 002023;0.8951;1
20140210 002023;0.8951;1
20140210 002023;0.895;1
20140210 002023;0.895;1
20140210 002023;0.895;1
20140210 002023;0.895;1
20140210 002023;0.895;1
20140210 002023;0.895;1
20140210 002023;0.895;1
20140210 002023;0.895;1
20140210 002024;0.895;1
20140210 002024;0.895;1
20140210 002024;0.895;1
20140210 002024;0.895;1
20140210 002024;0.895;1
20140210 002024;0.895;1
20140210 002024;0.895;1
20140210 002024;0.895;1
20140210 002024;0.895;1
20140210 002024;0.895;1
20140210 002024;0.895;1
20140210 002024;0.895;1
20140210 002025;0.895;1
20140210 002025;0.895;1
20140210 002025;0.895;1
20140210 002025;0.895;1
20140210 002026;0.895;1
20140210 002026;0.895;1
20140210 002026;0.895;1
20140210 002027;0.895;1
20140210 002027;0.895;1
20140210 002027;0.895;1
20140210 002027;0.895;1
20140210 002027;0.895;1
20140210 002027;0.895;1
20140210 002027;0.895;1
20140210 002028;0.895;1
20140210 002028;0.895;1
20140210 002028;0.895;1
20140210 002028;0.895;1
20140210 002028;0.895;1
20140210 002028;0.895;1
20140210 002028;0.895;1
20140210 002028;0.895;1
20140210 002029;0.895;1
20140210 002029;0.895;1
20140210 002032;0.895;1
20140210 002032;0.895;1
20140210 002033;0.895;1
20140210 002033;0.895;1
20140210 002033;0.895;1
20140210 002042;0.895;1
20140210 002042;0.895;1
20140210 002045;0.895;1
20140210 002047;0.895;1
20140210 002052;0.895;1
20140210 002054;0.895;1
20140210 002054;0.895;1
20140210 002054;0.895;1
20140210 002054;0.895;1
20140210 002055;0.895;1
20140210 002055;0.895;1
20140210 002055;0.895;1
20140210 002055;0.895;1
20140210 002055;0.895;1
20140210 002055;0.895;1
20140210 002055;0.895;1
20140210 002055;0.8949;1
20140210 002055;0.8949;1
20140210 002055;0.895;1
20140210 002055;0.8949;1
20140210 002056;0.895;1
20140210 002056;0.8949;1
20140210 002057;0.895;1
20140210 002057;0.8949;1
20140210 002057;0.8949;1
20140210 002057;0.8949;1
20140210 002057;0.8949;1
20140210 002057;0.8949;1
20140210 002057;0.8949;1
20140210 002058;0.8949;1
20140210 002058;0.8949;1
20140210 002058;0.8948;1
20140210 002058;0.8948;1
20140210 002058;0.8948;1
20140210 002058;0.8948;1
20140210 002058;0.8948;1
20140210 002058;0.8948;1
20140210 002058;0.8948;1
20140210 002058;0.8948;1
20140210 002058;0.8948;1
20140210 002058;0.8948;1
20140210 002058;0.8948;1
20140210 002058;0.8948;1
20140210 002058;0.8948;1
20140210 002059;0.8948;1
20140210 002059;0.8948;1
20140210 002059;0.8949;1
20140210 002059;0.8949;1
20140210 002059;0.8949;1
20140210 002059;0.8949;1
20140210 002059;0.8949;1
20140210 002059;0.8949;1
20140210 002059;0.8949;1
20140210 002059;0.8949;1
20140210 002059;0.8949;1
20140210 002059;0.8949;1
20140210 002059;0.8949;1
20140210 002059;0.8949;1
20140210 002059;0.8949;1
20140210 002100;0.8949;1
20140210 002100;0.8949;1
20140210 002100;0.8949;1
20140210 002100;0.8949;1
20140210 002100;0.8949;1
20140210 002100;0.8949;1
20140210 002100;0.8949;1
20140210 002100;0.895;1
20140210 002100;0.895;1
20140210 002100;0.895;1
20140210 002100;0.895;1
20140210 002100;0.895;1
20140210 002100;0.895;1
20140210 002100;0.895;1
20140210 002100;0.895;1
20140210 002101;0.895;1
20140210 002102;0.895;1
20140210 002102;0.895;1
20140210 002103;0.895;1
20140210 002104;0.8949;1
20140210 002104;0.895;1
20140210 002108;0.895;1
20140210 002111;0.895;1
20140210 002116;0.895;1
20140210 002117;0.895;1
20140210 002119;0.895;1
20140210 002119;0.895;1
20140210 002119;0.895;1
20140210 002119;0.895;1
20140210 002119;0.895;1
20140210 002119;0.895;1
20140210 002119;0.895;1
20140210 002119;0.895;1
20140210 002119;0.895;1
20140210 002119;0.895;1
20140210 002119;0.895;1
20140210 002122;0.895;1
20140210 002124;0.895;1
20140210 002124;0.895;1
20140210 002136;0.8951;1
20140210 002136;0.8951;1
20140210 002142;0.895;1
20140210 002143;0.895;1
20140210 002143;0.895;1
20140210 002143;0.895;1
20140210 002143;0.895;1
20140210 002143;0.895;1
20140210 002143;0.895;1
20140210 002143;0.895;1
20140210 002143;0.895;1
20140210 002143;0.895;1
20140210 002143;0.895;1
20140210 002143;0.895;1
20140210 002145;0.895;1
20140210 002146;0.895;1
20140210 002147;0.895;1
20140210 002148;0.895;1
20140210 002153;0.895;1
20140210 002153;0.895;1
20140210 002153;0.8949;1
20140210 002153;0.8949;1
20140210 002153;0.8949;1
20140210 002153;0.8949;1
20140210 002153;0.8949;1
20140210 002153;0.8949;1
20140210 002153;0.8949;1
20140210 002153;0.8949;1
20140210 002153;0.8949;1
20140210 002153;0.8949;1
20140210 002154;0.8949;1
20140210 002154;0.895;1
20140210 002154;0.895;1
20140210 002154;0.895;1
20140210 002154;0.895;1
20140210 002154;0.895;1
20140210 002154;0.895;1
20140210 002154;0.895;1
20140210 002154;0.895;1
20140210 002156;0.895;1
20140210 002156;0.895;1
20140210 002156;0.895;1
20140210 002200;0.895;1
20140210 002200;0.895;1
20140210 002200;0.895;1
20140210 002200;0.895;1
20140210 002200;0.895;1
20140210 002200;0.895;1
20140210 002200;0.895;1
20140210 002200;0.895;1
20140210 002200;0.895;1
20140210 002200;0.895;1
20140210 002203;0.895;1
20140210 002204;0.895;1
20140210 002204;0.895;1
20140210 002206;0.895;1
20140210 002206;0.895;1
20140210 002206;0.895;1
20140210 002206;0.895;1
