20140209 220006;1.3617;1
20140209 220006;1.3618;1
20140209 220007;1.3618;1
20140209 220011;1.3617;1
20140209 220011;1.3618;1
20140209 220012;1.3618;1
20140209 220013;1.3617;1
20140209 220013;1.3617;1
20140209 220013;1.3617;1
20140209 220013;1.3617;1
20140209 220015;1.3618;1
20140209 220015;1.3618;1
20140209 220015;1.3618;1
20140209 220016;1.3618;1
20140209 220016;1.3618;1
20140209 220017;1.3618;1
20140209 220019;1.3618;1
20140209 220020;1.3618;1
20140209 220023;1.3618;1
20140209 220023;1.3618;1
20140209 220026;1.3618;1
20140209 220027;1.3618;1
20140209 220028;1.3617;1
20140209 220028;1.3617;1
20140209 220028;1.3618;1
20140209 220028;1.3618;1
20140209 220028;1.3618;1
20140209 220029;1.3618;1
20140209 220031;1.3618;1
20140209 220037;1.3618;1
20140209 220040;1.3618;1
20140209 220040;1.3618;1
20140209 220040;1.3619;1
20140209 220041;1.3618;1
20140209 220041;1.3618;1
20140209 220041;1.3618;1
20140209 220041;1.3618;1
20140209 220041;1.3618;1
20140209 220041;1.3618;1
20140209 220041;1.3618;1
20140209 220042;1.3618;1
20140209 220042;1.3618;1
20140209 220043;1.3619;1
20140209 220043;1.3619;1
20140209 220044;1.3619;1
20140209 220044;1.3618;1
20140209 220045;1.3619;1
20140209 220045;1.3618;1
20140209 220046;1.3619;1
20140209 220046;1.3619;1
20140209 220047;1.3618;1
20140209 220047;1.3618;1
20140209 220048;1.3618;1
20140209 220048;1.3618;1
20140209 220049;1.3618;1
20140209 220049;1.3618;1
20140209 220049;1.3618;1
20140209 220049;1.3618;1
20140209 220049;1.3618;1
20140209 220049;1.3618;1
20140209 220049;1.3618;1
20140209 220051;1.3618;1
20140209 220053;1.3618;1
20140209 220053;1.3618;1
20140209 220053;1.3618;1
20140209 220053;1.3618;1
20140209 220053;1.3619;1
20140209 220053;1.3618;1
20140209 220053;1.3618;1
20140209 220053;1.3619;1
20140209 220055;1.3619;1
20140209 220056;1.3619;1
20140209 220056;1.3618;1
20140209 220056;1.3619;1
20140209 220056;1.3619;1
20140209 220057;1.3619;1
20140209 220057;1.3619;1
20140209 220058;1.3619;1
20140209 220058;1.3619;1
20140209 220100;1.3619;1
20140209 220100;1.3619;1
20140209 220100;1.3619;1
20140209 220100;1.3619;1
20140209 220101;1.3619;1
20140209 220101;1.3619;1
20140209 220101;1.3619;1
20140209 220102;1.3619;1
20140209 220104;1.3619;1
20140209 220104;1.3619;1
20140209 220104;1.3619;1
20140209 220104;1.3619;1
20140209 220106;1.3619;1
20140209 220106;1.3619;1
20140209 220106;1.3619;1
20140209 220106;1.3619;1
20140209 220108;1.3619;1
20140209 220108;1.3619;1
20140209 220108;1.3619;1
20140209 220108;1.3619;1
20140209 220110;1.3619;1
20140209 220112;1.3619;1
20140209 220117;1.3619;1
20140209 220117;1.3619;1
20140209 220118;1.3619;1
20140209 220121;1.3619;1
20140209 220122;1.3619;1
20140209 220123;1.3619;1
20140209 220126;1.3619;1
20140209 220127;1.3618;1
20140209 220127;1.3618;1
20140209 220127;1.3618;1
20140209 220127;1.3618;1
20140209 220131;1.3618;1
20140209 220131;1.3618;1
20140209 220132;1.3618;1
20140209 220132;1.3618;1
20140209 220135;1.3618;1
20140209 220140;1.3618;1
20140209 220150;1.3618;1
20140209 220150;1.3618;1
20140209 220150;1.3618;1
20140209 220150;1.3619;1
20140209 220155;1.3619;1
20140209 220155;1.3619;1
20140209 220200;1.3619;1
20140209 220201;1.3619;1
20140209 220201;1.3619;1
20140209 220201;1.3619;1
20140209 220202;1.3619;1
20140209 220203;1.3619;1
20140209 220204;1.3619;1
20140209 220204;1.3619;1
20140209 220210;1.3619;1
20140209 220216;1.3619;1
20140209 220216;1.3619;1
20140209 220218;1.3619;1
20140209 220218;1.3619;1
20140209 220219;1.3619;1
20140209 220226;1.3619;1
20140209 220226;1.3619;1
20140209 220227;1.3619;1
20140209 220229;1.3619;1
20140209 220229;1.3619;1
20140209 220237;1.3619;1
20140209 220238;1.3619;1
20140209 220243;1.3619;1
20140209 220255;1.3619;1
20140209 220301;1.3619;1
20140209 220302;1.3619;1
20140209 220310;1.3619;1
20140209 220310;1.3619;1
20140209 220312;1.3619;1
20140209 220314;1.3619;1
20140209 220314;1.3619;1
20140209 220314;1.3619;1
20140209 220314;1.3619;1
20140209 220324;1.3619;1
20140209 220330;1.3619;1
20140209 220330;1.3619;1
20140209 220330;1.3619;1
20140209 220334;1.3619;1
20140209 220334;1.3619;1
20140209 220338;1.3619;1
20140209 220338;1.3619;1
20140209 220339;1.3619;1
20140209 220347;1.3619;1
20140209 220349;1.3619;1
20140209 220349;1.3619;1
20140209 220349;1.3619;1
20140209 220354;1.3619;1
20140209 220354;1.3619;1
20140209 220411;1.3619;1
20140209 220412;1.3619;1
20140209 220412;1.3619;1
20140209 220412;1.3619;1
20140209 220416;1.3619;1
20140209 220419;1.3619;1
20140209 220430;1.3619;1
20140209 220505;1.3619;1
20140209 220505;1.3619;1
20140209 220505;1.3619;1
20140209 220505;1.3619;1
20140209 220506;1.3619;1
20140209 220508;1.362;1
20140209 220509;1.362;1
20140209 220512;1.362;1
20140209 220513;1.362;1
20140209 220517;1.362;1
20140209 220522;1.362;1
20140209 220525;1.362;1
20140209 220525;1.362;1
20140209 220526;1.362;1
20140209 220528;1.362;1
20140209 220531;1.362;1
20140209 220531;1.362;1
20140209 220531;1.362;1
20140209 220536;1.362;1
20140209 220536;1.3621;1
20140209 220536;1.3621;1
20140209 220536;1.3621;1
20140209 220537;1.3621;1
20140209 220538;1.3621;1
20140209 220540;1.3621;1
20140209 220540;1.3622;1
20140209 220540;1.3621;1
20140209 220540;1.3621;1
20140209 220540;1.3621;1
20140209 220540;1.3621;1
20140209 220540;1.3621;1
20140209 220540;1.3621;1
20140209 220540;1.3621;1
20140209 220540;1.3621;1
20140209 220540;1.3622;1
20140209 220540;1.3621;1
20140209 220540;1.3621;1
20140209 220540;1.3621;1
20140209 220540;1.3621;1
20140209 220541;1.3621;1
20140209 220541;1.3621;1
20140209 220543;1.3621;1
20140209 220543;1.3621;1
20140209 220551;1.3621;1
20140209 220552;1.3622;1
20140209 220552;1.3622;1
20140209 220552;1.3622;1
20140209 220552;1.3622;1
20140209 220554;1.3622;1
20140209 220554;1.3622;1
20140209 220554;1.3622;1
20140209 220557;1.3622;1
20140209 220557;1.3622;1
20140209 220558;1.3622;1
20140209 220600;1.3622;1
20140209 220600;1.3622;1
20140209 220600;1.3622;1
20140209 220600;1.3622;1
20140209 220600;1.3622;1
20140209 220600;1.3622;1
20140209 220601;1.3622;1
20140209 220601;1.3622;1
20140209 220601;1.3622;1
20140209 220601;1.3623;1
20140209 220603;1.3623;1
20140209 220606;1.3623;1
20140209 220606;1.3622;1
20140209 220606;1.3622;1
20140209 220606;1.3622;1
20140209 220606;1.3622;1
20140209 220608;1.3622;1
20140209 220608;1.3622;1
20140209 220610;1.3622;1
20140209 220613;1.3622;1
20140209 220614;1.3622;1
20140209 220615;1.3622;1
20140209 220617;1.3622;1
20140209 220619;1.3622;1
20140209 220619;1.3622;1
20140209 220619;1.3622;1
20140209 220623;1.3622;1
20140209 220623;1.3622;1
20140209 220623;1.3622;1
20140209 220626;1.3622;1
20140209 220626;1.3622;1
20140209 220626;1.3623;1
20140209 220626;1.3623;1
20140209 220626;1.3623;1
20140209 220626;1.3623;1
20140209 220627;1.3623;1
20140209 220631;1.3622;1
20140209 220631;1.3622;1
20140209 220634;1.3623;1
20140209 220636;1.3622;1
20140209 220636;1.3622;1
20140209 220636;1.3621;1
20140209 220637;1.3621;1
20140209 220637;1.3621;1
20140209 220642;1.3621;1
20140209 220646;1.3621;1
20140209 220646;1.3622;1
20140209 220647;1.3622;1
20140209 220653;1.3621;1
20140209 220653;1.3621;1
20140209 220653;1.3621;1
20140209 220654;1.3621;1
20140209 220654;1.3621;1
20140209 220700;1.3621;1
20140209 220725;1.3621;1
20140209 220725;1.3621;1
20140209 220731;1.3622;1
20140209 220733;1.3621;1
20140209 220733;1.3621;1
20140209 220734;1.3622;1
20140209 220741;1.3621;1
20140209 220741;1.3621;1
20140209 220741;1.3621;1
20140209 220743;1.3621;1
20140209 220743;1.3621;1
20140209 220743;1.362;1
20140209 220750;1.3621;1
20140209 220816;1.362;1
20140209 220816;1.362;1
20140209 220816;1.362;1
20140209 220822;1.362;1
20140209 220822;1.362;1
20140209 220822;1.362;1
20140209 220822;1.362;1
20140209 220823;1.362;1
20140209 220823;1.362;1
20140209 220827;1.362;1
20140209 220830;1.362;1
20140209 220852;1.3621;1
20140209 220905;1.3621;1
20140209 220905;1.3621;1
20140209 220911;1.3621;1
20140209 221002;1.3621;1
20140209 221005;1.3621;1
20140209 221005;1.3621;1
20140209 221015;1.3621;1
20140209 221025;1.3621;1
20140209 221025;1.3621;1
20140209 221031;1.3621;1
20140209 221031;1.362;1
20140209 221031;1.362;1
20140209 221032;1.362;1
20140209 221032;1.3621;1
20140209 221103;1.3621;1
20140209 221113;1.3621;1
20140209 221123;1.3621;1
20140209 221222;1.3621;1
20140209 221222;1.3621;1
20140209 221222;1.3621;1
20140209 221231;1.3621;1
20140209 221315;1.3621;1
20140209 221317;1.3621;1
20140209 221318;1.3621;1
20140209 221359;1.3621;1
20140209 221406;1.3621;1
20140209 221407;1.3621;1
20140209 221418;1.362;1
20140209 221418;1.362;1
20140209 221420;1.362;1
20140209 221421;1.362;1
20140209 221458;1.362;1
20140209 221458;1.362;1
20140209 221500;1.362;1
20140209 221501;1.362;1
20140209 221501;1.362;1
20140209 221501;1.362;1
20140209 221503;1.362;1
20140209 221504;1.362;1
20140209 221517;1.362;1
20140209 221517;1.362;1
20140209 221518;1.362;1
20140209 221535;1.362;1
20140209 221535;1.3619;1
20140209 221535;1.3619;1
20140209 221535;1.3619;1
20140209 221535;1.3619;1
20140209 221535;1.3619;1
20140209 221535;1.3619;1
20140209 221535;1.3619;1
20140209 221535;1.362;1
20140209 221535;1.362;1
20140209 221536;1.362;1
20140209 221536;1.362;1
20140209 221536;1.362;1
20140209 221536;1.362;1
20140209 221536;1.3619;1
20140209 221536;1.362;1
20140209 221536;1.362;1
20140209 221536;1.362;1
20140209 221536;1.362;1
20140209 221536;1.362;1
20140209 221536;1.362;1
20140209 221536;1.362;1
20140209 221536;1.3619;1
20140209 221536;1.362;1
20140209 221536;1.362;1
20140209 221537;1.3619;1
20140209 221537;1.362;1
20140209 221537;1.362;1
20140209 221537;1.3619;1
20140209 221537;1.3619;1
20140209 221537;1.3619;1
20140209 221537;1.3619;1
20140209 221537;1.3619;1
20140209 221537;1.362;1
20140209 221540;1.362;1
20140209 221611;1.362;1
20140209 221635;1.362;1
20140209 221729;1.3619;1
20140209 221811;1.362;1
20140209 221811;1.362;1
20140209 221814;1.362;1
20140209 221814;1.362;1
20140209 221814;1.362;1
20140209 221829;1.362;1
20140209 221838;1.3619;1
20140209 221838;1.3619;1
20140209 221857;1.3619;1
20140209 221857;1.362;1
20140209 221944;1.3619;1
20140209 221944;1.3619;1
20140209 222011;1.3619;1
20140209 222013;1.362;1
20140209 222028;1.362;1
20140209 222028;1.362;1
20140209 222028;1.362;1
20140209 222030;1.362;1
20140209 222034;1.362;1
20140209 222044;1.3619;1
20140209 222050;1.3619;1
20140209 222059;1.3619;1
20140209 222059;1.3619;1
20140209 222100;1.3619;1
20140209 222102;1.3619;1
20140209 222121;1.3619;1
20140209 222132;1.3619;1
20140209 222139;1.3619;1
20140209 222256;1.3619;1
20140209 222256;1.3619;1
20140209 222256;1.362;1
20140209 222256;1.362;1
20140209 222306;1.3619;1
20140209 222306;1.3619;1
20140209 222329;1.3619;1
20140209 222359;1.362;1
20140209 222402;1.3619;1
20140209 222404;1.362;1
20140209 222429;1.3619;1
20140209 222525;1.362;1
20140209 222526;1.362;1
20140209 222526;1.3619;1
20140209 222650;1.362;1
20140209 222725;1.3619;1
20140209 222735;1.362;1
20140209 222852;1.362;1
20140209 222856;1.362;1
20140209 222930;1.362;1
20140209 222941;1.362;1
20140209 222946;1.362;1
20140209 222946;1.362;1
20140209 222947;1.362;1
20140209 222947;1.362;1
20140209 223049;1.362;1
20140209 223049;1.362;1
20140209 223050;1.362;1
20140209 223113;1.362;1
20140209 223124;1.362;1
20140209 223133;1.362;1
20140209 223244;1.362;1
20140209 223256;1.362;1
20140209 223303;1.362;1
20140209 223306;1.362;1
20140209 223319;1.362;1
20140209 223341;1.362;1
20140209 223341;1.362;1
20140209 223341;1.362;1
20140209 223341;1.362;1
20140209 223341;1.362;1
20140209 223341;1.362;1
20140209 223341;1.3621;1
20140209 223341;1.3621;1
20140209 223342;1.3621;1
20140209 223342;1.3621;1
20140209 223343;1.3621;1
20140209 223343;1.3621;1
20140209 223343;1.3621;1
20140209 223344;1.3621;1
20140209 223344;1.3621;1
20140209 223344;1.3621;1
20140209 223344;1.3621;1
20140209 223344;1.3621;1
20140209 223344;1.3622;1
20140209 223344;1.3622;1
20140209 223344;1.3622;1
20140209 223344;1.3622;1
20140209 223344;1.3622;1
20140209 223344;1.3623;1
20140209 223344;1.3622;1
20140209 223344;1.3623;1
20140209 223347;1.3623;1
20140209 223347;1.3623;1
20140209 223347;1.3622;1
20140209 223347;1.3622;1
20140209 223347;1.3622;1
20140209 223347;1.3622;1
20140209 223349;1.3622;1
20140209 223351;1.3622;1
20140209 223351;1.3622;1
20140209 223356;1.3622;1
20140209 223401;1.3622;1
20140209 223403;1.3622;1
20140209 223403;1.3622;1
20140209 223403;1.3622;1
20140209 223403;1.3622;1
20140209 223403;1.3622;1
20140209 223407;1.3621;1
20140209 223410;1.3621;1
20140209 223410;1.3622;1
20140209 223410;1.3622;1
20140209 223413;1.3621;1
20140209 223413;1.3621;1
20140209 223413;1.3621;1
20140209 223413;1.3621;1
20140209 223413;1.3622;1
20140209 223413;1.3622;1
20140209 223413;1.3622;1
20140209 223413;1.3622;1
20140209 223415;1.3621;1
20140209 223415;1.3621;1
20140209 223415;1.3621;1
20140209 223417;1.3621;1
20140209 223417;1.3621;1
20140209 223417;1.3621;1
20140209 223417;1.3622;1
20140209 223420;1.3622;1
20140209 223420;1.3622;1
20140209 223437;1.3622;1
20140209 223447;1.3622;1
20140209 223447;1.3622;1
20140209 223447;1.3622;1
20140209 223528;1.3622;1
20140209 223528;1.3622;1
20140209 223528;1.3622;1
20140209 223528;1.3623;1
20140209 223528;1.3623;1
20140209 223536;1.3623;1
20140209 223544;1.3623;1
20140209 223544;1.3623;1
20140209 223544;1.3623;1
20140209 223544;1.3623;1
20140209 223544;1.3623;1
20140209 223544;1.3623;1
20140209 223544;1.3624;1
20140209 223544;1.3624;1
20140209 223544;1.3625;1
20140209 223545;1.3625;1
20140209 223546;1.3625;1
20140209 223546;1.3625;1
20140209 223546;1.3625;1
20140209 223546;1.3625;1
20140209 223546;1.3624;1
20140209 223546;1.3624;1
20140209 223550;1.3624;1
20140209 223550;1.3625;1
20140209 223550;1.3625;1
20140209 223550;1.3625;1
20140209 223550;1.3625;1
20140209 223550;1.3625;1
20140209 223551;1.3625;1
20140209 223555;1.3625;1
20140209 223555;1.3625;1
20140209 223555;1.3625;1
20140209 223555;1.3625;1
20140209 223555;1.3625;1
20140209 223556;1.3624;1
20140209 223601;1.3624;1
20140209 223607;1.3624;1
20140209 223607;1.3624;1
20140209 223616;1.3624;1
20140209 223616;1.3624;1
20140209 223616;1.3624;1
20140209 223618;1.3624;1
20140209 223618;1.3624;1
20140209 223618;1.3624;1
20140209 223618;1.3624;1
20140209 223621;1.3625;1
20140209 223621;1.3625;1
20140209 223621;1.3625;1
20140209 223621;1.3625;1
20140209 223621;1.3625;1
20140209 223621;1.3625;1
20140209 223621;1.3625;1
20140209 223622;1.3625;1
20140209 223623;1.3625;1
20140209 223625;1.3625;1
20140209 223626;1.3625;1
20140209 223626;1.3625;1
20140209 223626;1.3625;1
20140209 223626;1.3626;1
20140209 223626;1.3626;1
20140209 223627;1.3626;1
20140209 223627;1.3626;1
20140209 223628;1.3626;1
20140209 223628;1.3626;1
20140209 223628;1.3626;1
20140209 223628;1.3626;1
20140209 223628;1.3626;1
20140209 223628;1.3625;1
20140209 223628;1.3625;1
20140209 223628;1.3625;1
20140209 223629;1.3625;1
20140209 223630;1.3625;1
20140209 223630;1.3625;1
20140209 223630;1.3625;1
20140209 223630;1.3625;1
20140209 223630;1.3625;1
20140209 223630;1.3625;1
20140209 223630;1.3625;1
20140209 223630;1.3625;1
20140209 223630;1.3625;1
20140209 223631;1.3625;1
20140209 223635;1.3625;1
20140209 223635;1.3625;1
20140209 223639;1.3625;1
20140209 223639;1.3625;1
20140209 223641;1.3625;1
20140209 223641;1.3625;1
20140209 223641;1.3625;1
20140209 223641;1.3626;1
20140209 223645;1.3626;1
20140209 223646;1.3626;1
20140209 223646;1.3626;1
20140209 223646;1.3626;1
20140209 223646;1.3626;1
20140209 223659;1.3626;1
20140209 223659;1.3626;1
20140209 223659;1.3626;1
20140209 223702;1.3626;1
20140209 223702;1.3626;1
20140209 223702;1.3626;1
20140209 223702;1.3628;1
20140209 223702;1.3628;1
20140209 223702;1.3628;1
20140209 223709;1.3628;1
20140209 223709;1.3628;1
20140209 223710;1.3628;1
20140209 223718;1.3628;1
20140209 223718;1.3628;1
20140209 223718;1.3628;1
20140209 223718;1.3628;1
20140209 223718;1.3628;1
20140209 223724;1.3628;1
20140209 223724;1.3628;1
20140209 223724;1.3628;1
20140209 223725;1.3628;1
20140209 223728;1.3628;1
20140209 223731;1.3628;1
20140209 223731;1.3628;1
20140209 223731;1.3628;1
20140209 223734;1.3628;1
20140209 223739;1.3628;1
20140209 223740;1.3628;1
20140209 223745;1.3628;1
20140209 223745;1.3628;1
20140209 223749;1.3628;1
20140209 223750;1.3628;1
20140209 223750;1.3628;1
20140209 223750;1.3627;1
20140209 223754;1.3627;1
20140209 223754;1.3627;1
20140209 223756;1.3627;1
20140209 223756;1.3627;1
20140209 223756;1.3627;1
20140209 223756;1.3627;1
20140209 223756;1.3627;1
20140209 223756;1.3627;1
20140209 223756;1.3627;1
20140209 223757;1.3627;1
20140209 223757;1.3627;1
20140209 223757;1.3627;1
20140209 223757;1.3628;1
20140209 223757;1.3628;1
20140209 223759;1.3628;1
20140209 223759;1.3628;1
20140209 223759;1.3628;1
20140209 223759;1.3628;1
20140209 223804;1.3628;1
20140209 223807;1.3628;1
20140209 223807;1.3628;1
20140209 223807;1.3628;1
20140209 223808;1.3628;1
20140209 223810;1.3628;1
20140209 223810;1.3628;1
20140209 223811;1.3628;1
20140209 223812;1.3628;1
20140209 223812;1.3628;1
20140209 223812;1.3628;1
20140209 223816;1.3628;1
20140209 223818;1.3628;1
20140209 223818;1.3628;1
20140209 223818;1.3628;1
20140209 223818;1.3628;1
20140209 223819;1.3628;1
20140209 223819;1.3628;1
20140209 223819;1.3628;1
20140209 223819;1.3628;1
20140209 223820;1.3628;1
20140209 223820;1.3628;1
20140209 223823;1.3628;1
20140209 223823;1.3627;1
20140209 223823;1.3627;1
20140209 223823;1.3627;1
20140209 223823;1.3627;1
20140209 223823;1.3627;1
20140209 223823;1.3627;1
20140209 223824;1.3627;1
20140209 223825;1.3627;1
20140209 223825;1.3627;1
20140209 223825;1.3627;1
20140209 223825;1.3627;1
20140209 223825;1.3628;1
20140209 223828;1.3627;1
20140209 223828;1.3627;1
20140209 223830;1.3627;1
20140209 223830;1.3627;1
20140209 223830;1.3628;1
20140209 223834;1.3628;1
20140209 223834;1.3628;1
20140209 223834;1.3628;1
20140209 223837;1.3628;1
20140209 223837;1.3628;1
20140209 223848;1.3628;1
20140209 223913;1.3628;1
20140209 223916;1.3627;1
20140209 223929;1.3627;1
20140209 223929;1.3627;1
20140209 223930;1.3628;1
20140209 223930;1.3628;1
20140209 223930;1.3628;1
20140209 223932;1.3628;1
20140209 223932;1.3628;1
20140209 223932;1.3627;1
20140209 223932;1.3627;1
20140209 223935;1.3627;1
20140209 223935;1.3627;1
20140209 223935;1.3627;1
20140209 223941;1.3627;1
20140209 223941;1.3627;1
20140209 223952;1.3627;1
20140209 223956;1.3627;1
20140209 224000;1.3627;1
20140209 224000;1.3627;1
20140209 224000;1.3626;1
20140209 224000;1.3626;1
20140209 224000;1.3626;1
20140209 224001;1.3626;1
20140209 224002;1.3626;1
20140209 224002;1.3625;1
20140209 224002;1.3625;1
20140209 224002;1.3625;1
20140209 224002;1.3625;1
20140209 224002;1.3625;1
20140209 224002;1.3625;1
20140209 224002;1.3625;1
20140209 224002;1.3625;1
20140209 224002;1.3626;1
20140209 224002;1.3625;1
20140209 224002;1.3625;1
20140209 224002;1.3625;1
20140209 224006;1.3624;1
20140209 224007;1.3624;1
20140209 224008;1.3624;1
20140209 224013;1.3624;1
20140209 224013;1.3624;1
20140209 224013;1.3624;1
20140209 224013;1.3624;1
20140209 224013;1.3624;1
20140209 224015;1.3624;1
20140209 224016;1.3624;1
20140209 224017;1.3624;1
20140209 224018;1.3624;1
20140209 224018;1.3624;1
20140209 224019;1.3624;1
20140209 224034;1.3624;1
20140209 224035;1.3624;1
20140209 224035;1.3623;1
20140209 224035;1.3623;1
20140209 224035;1.3623;1
20140209 224036;1.3622;1
20140209 224037;1.3622;1
20140209 224037;1.3622;1
20140209 224038;1.3622;1
20140209 224040;1.3622;1
20140209 224040;1.3623;1
20140209 224040;1.3623;1
20140209 224040;1.3623;1
20140209 224040;1.3623;1
20140209 224041;1.3623;1
20140209 224041;1.3623;1
20140209 224042;1.3622;1
20140209 224042;1.3622;1
20140209 224047;1.3622;1
20140209 224047;1.3622;1
20140209 224047;1.3621;1
20140209 224049;1.3621;1
20140209 224049;1.3621;1
20140209 224049;1.3621;1
20140209 224050;1.3621;1
20140209 224050;1.3622;1
20140209 224051;1.3622;1
20140209 224051;1.3622;1
20140209 224053;1.3622;1
20140209 224053;1.3622;1
20140209 224053;1.3621;1
20140209 224053;1.3621;1
20140209 224057;1.3621;1
20140209 224058;1.3621;1
20140209 224100;1.3621;1
20140209 224102;1.3621;1
20140209 224106;1.3621;1
20140209 224106;1.3621;1
20140209 224110;1.3621;1
20140209 224110;1.3622;1
20140209 224111;1.3622;1
20140209 224112;1.3622;1
20140209 224112;1.3622;1
20140209 224115;1.3622;1
20140209 224118;1.3622;1
20140209 224118;1.3622;1
20140209 224118;1.3622;1
20140209 224120;1.3622;1
20140209 224120;1.3622;1
20140209 224120;1.3623;1
20140209 224120;1.3623;1
20140209 224120;1.3623;1
20140209 224120;1.3623;1
20140209 224120;1.3623;1
20140209 224121;1.3623;1
20140209 224121;1.3623;1
20140209 224124;1.3623;1
20140209 224124;1.3623;1
20140209 224124;1.3623;1
20140209 224125;1.3623;1
20140209 224125;1.3623;1
20140209 224129;1.3622;1
20140209 224129;1.3622;1
20140209 224130;1.3622;1
20140209 224130;1.3622;1
20140209 224131;1.3622;1
20140209 224131;1.3622;1
20140209 224131;1.3622;1
20140209 224132;1.3623;1
20140209 224221;1.3622;1
20140209 224222;1.3622;1
20140209 224222;1.3622;1
20140209 224225;1.3622;1
20140209 224241;1.3622;1
20140209 224241;1.3622;1
20140209 224241;1.3622;1
20140209 224250;1.3623;1
20140209 224307;1.3622;1
20140209 224307;1.3622;1
20140209 224308;1.3622;1
20140209 224308;1.3622;1
20140209 224315;1.3622;1
20140209 224315;1.3622;1
20140209 224315;1.3622;1
20140209 224334;1.3622;1
20140209 224334;1.3623;1
20140209 224342;1.3623;1
20140209 224342;1.3623;1
20140209 224342;1.3623;1
20140209 224343;1.3623;1
20140209 224357;1.3623;1
20140209 224358;1.3623;1
20140209 224358;1.3623;1
20140209 224358;1.3623;1
20140209 224359;1.3623;1
20140209 224359;1.3623;1
20140209 224403;1.3623;1
20140209 224403;1.3623;1
20140209 224403;1.3623;1
20140209 224413;1.3623;1
20140209 224418;1.3623;1
20140209 224424;1.3623;1
20140209 224424;1.3623;1
20140209 224424;1.3623;1
20140209 224424;1.3622;1
20140209 224424;1.3622;1
20140209 224425;1.3622;1
20140209 224425;1.3623;1
20140209 224439;1.3623;1
20140209 224439;1.3623;1
20140209 224439;1.3623;1
20140209 224441;1.3623;1
20140209 224441;1.3623;1
20140209 224441;1.3623;1
20140209 224441;1.3623;1
20140209 224446;1.3623;1
20140209 224446;1.3623;1
20140209 224447;1.3624;1
20140209 224447;1.3624;1
20140209 224447;1.3624;1
20140209 224447;1.3624;1
20140209 224447;1.3624;1
20140209 224447;1.3624;1
20140209 224448;1.3624;1
20140209 224453;1.3624;1
20140209 224453;1.3624;1
20140209 224453;1.3624;1
20140209 224453;1.3624;1
20140209 224458;1.3623;1
20140209 224512;1.3623;1
20140209 224512;1.3623;1
20140209 224515;1.3623;1
20140209 224515;1.3623;1
20140209 224515;1.3623;1
20140209 224517;1.3623;1
20140209 224517;1.3623;1
20140209 224517;1.3623;1
20140209 224517;1.3623;1
20140209 224517;1.3623;1
20140209 224517;1.3623;1
20140209 224517;1.3623;1
20140209 224518;1.3623;1
20140209 224518;1.3623;1
20140209 224518;1.3623;1
20140209 224524;1.3623;1
20140209 224525;1.3623;1
20140209 224525;1.3623;1
20140209 224529;1.3623;1
20140209 224529;1.3623;1
20140209 224529;1.3623;1
20140209 224529;1.3623;1
20140209 224531;1.3622;1
20140209 224531;1.3622;1
20140209 224531;1.3622;1
20140209 224531;1.3622;1
20140209 224531;1.3622;1
20140209 224538;1.3622;1
20140209 224538;1.3622;1
20140209 224541;1.3622;1
20140209 224541;1.3622;1
20140209 224548;1.3622;1
20140209 224551;1.3622;1
20140209 224551;1.3622;1
20140209 224555;1.3622;1
20140209 224555;1.3622;1
20140209 224600;1.3622;1
20140209 224603;1.3622;1
20140209 224603;1.3622;1
20140209 224603;1.3623;1
20140209 224606;1.3623;1
20140209 224606;1.3623;1
20140209 224606;1.3623;1
20140209 224606;1.3623;1
20140209 224606;1.3623;1
20140209 224610;1.3623;1
20140209 224610;1.3623;1
20140209 224610;1.3623;1
20140209 224611;1.3623;1
20140209 224612;1.3623;1
20140209 224612;1.3623;1
20140209 224612;1.3623;1
20140209 224614;1.3623;1
20140209 224614;1.3622;1
20140209 224614;1.3622;1
20140209 224614;1.3622;1
20140209 224617;1.3622;1
20140209 224617;1.3622;1
20140209 224617;1.3623;1
20140209 224619;1.3623;1
20140209 224619;1.3623;1
20140209 224654;1.3623;1
20140209 224655;1.3623;1
20140209 224655;1.3622;1
20140209 224655;1.3622;1
20140209 224659;1.3622;1
20140209 224659;1.3622;1
20140209 224659;1.3623;1
20140209 224659;1.3623;1
20140209 224702;1.3623;1
20140209 224702;1.3623;1
20140209 224706;1.3622;1
20140209 224706;1.3622;1
20140209 224706;1.3622;1
20140209 224710;1.3622;1
20140209 224710;1.3622;1
20140209 224710;1.3623;1
20140209 224831;1.3623;1
20140209 224831;1.3623;1
20140209 224836;1.3623;1
20140209 224836;1.3623;1
20140209 224843;1.3623;1
20140209 224843;1.3623;1
20140209 224843;1.3623;1
20140209 224843;1.3623;1
20140209 224843;1.3623;1
20140209 224843;1.3623;1
20140209 224843;1.3623;1
20140209 224843;1.3623;1
20140209 224843;1.3623;1
20140209 224844;1.3623;1
20140209 224844;1.3623;1
20140209 224844;1.3623;1
20140209 224844;1.3623;1
20140209 224844;1.3623;1
20140209 224844;1.3623;1
20140209 225000;1.3623;1
20140209 225000;1.3623;1
20140209 225002;1.3623;1
20140209 225005;1.3623;1
20140209 225005;1.3623;1
20140209 225006;1.3623;1
20140209 225006;1.3624;1
20140209 225017;1.3623;1
20140209 225017;1.3623;1
20140209 225017;1.3623;1
20140209 225018;1.3623;1
20140209 225028;1.3623;1
20140209 225028;1.3623;1
20140209 225035;1.3623;1
20140209 225035;1.3623;1
20140209 225035;1.3623;1
20140209 225035;1.3623;1
20140209 225035;1.3623;1
20140209 225035;1.3623;1
20140209 225040;1.3623;1
20140209 225050;1.3623;1
20140209 225051;1.3623;1
20140209 225051;1.3623;1
20140209 225054;1.3623;1
20140209 225054;1.3623;1
20140209 225102;1.3623;1
20140209 225105;1.3623;1
20140209 225105;1.3623;1
20140209 225105;1.3623;1
20140209 225106;1.3623;1
20140209 225108;1.3623;1
20140209 225109;1.3623;1
20140209 225150;1.3623;1
20140209 225150;1.3623;1
20140209 225150;1.3623;1
20140209 225150;1.3623;1
20140209 225150;1.3623;1
20140209 225204;1.3623;1
20140209 225225;1.3623;1
20140209 225225;1.3623;1
20140209 225225;1.3623;1
20140209 225225;1.3623;1
20140209 225237;1.3623;1
20140209 225237;1.3623;1
20140209 225239;1.3623;1
20140209 225240;1.3623;1
20140209 225240;1.3623;1
20140209 225241;1.3623;1
20140209 225241;1.3623;1
20140209 225241;1.3623;1
20140209 225241;1.3623;1
20140209 225244;1.3623;1
20140209 225245;1.3623;1
20140209 225256;1.3623;1
20140209 225256;1.3623;1
20140209 225300;1.3622;1
20140209 225300;1.3622;1
20140209 225300;1.3622;1
20140209 225300;1.3622;1
20140209 225300;1.3622;1
20140209 225300;1.3622;1
20140209 225303;1.3622;1
20140209 225303;1.3622;1
20140209 225306;1.3621;1
20140209 225306;1.3621;1
20140209 225306;1.3621;1
20140209 225306;1.3621;1
20140209 225310;1.3621;1
20140209 225310;1.3622;1
20140209 225316;1.3622;1
20140209 225316;1.3622;1
20140209 225321;1.3622;1
20140209 225321;1.3622;1
20140209 225321;1.3622;1
20140209 225324;1.3622;1
20140209 225324;1.3622;1
20140209 225324;1.3622;1
20140209 225325;1.3622;1
20140209 225325;1.3622;1
20140209 225325;1.3622;1
20140209 225325;1.3622;1
20140209 225329;1.3622;1
20140209 225329;1.3622;1
20140209 225332;1.3622;1
20140209 225332;1.3622;1
20140209 225335;1.3622;1
20140209 225337;1.3622;1
20140209 225340;1.3622;1
20140209 225340;1.3622;1
20140209 225343;1.3622;1
20140209 225345;1.3622;1
20140209 225345;1.3622;1
20140209 225345;1.3622;1
20140209 225345;1.3622;1
20140209 225345;1.3622;1
20140209 225353;1.3622;1
20140209 225408;1.3622;1
20140209 225435;1.3622;1
20140209 225435;1.3622;1
20140209 225435;1.3622;1
20140209 225441;1.3622;1
20140209 225447;1.3622;1
20140209 225447;1.3623;1
20140209 225448;1.3623;1
20140209 225448;1.3622;1
20140209 225448;1.3622;1
20140209 225455;1.3622;1
20140209 225514;1.3622;1
20140209 225514;1.3622;1
20140209 225514;1.3622;1
20140209 225514;1.3622;1
20140209 225514;1.3622;1
20140209 225519;1.3621;1
20140209 225519;1.3621;1
20140209 225519;1.3621;1
20140209 225519;1.3621;1
20140209 225519;1.3621;1
20140209 225519;1.3621;1
20140209 225519;1.3621;1
20140209 225519;1.3622;1
20140209 225519;1.3622;1
20140209 225529;1.3622;1
20140209 225530;1.3622;1
20140209 225530;1.3622;1
20140209 225530;1.3622;1
20140209 225530;1.3622;1
20140209 225530;1.3622;1
20140209 225530;1.3622;1
20140209 225531;1.3622;1
20140209 225531;1.3622;1
20140209 225531;1.3622;1
20140209 225541;1.3622;1
20140209 225541;1.3622;1
20140209 225542;1.3622;1
20140209 225542;1.3622;1
20140209 225542;1.3622;1
20140209 225542;1.3622;1
20140209 225542;1.3622;1
20140209 225542;1.3622;1
20140209 225545;1.3622;1
20140209 225546;1.3622;1
20140209 225546;1.3622;1
20140209 225546;1.3622;1
20140209 225548;1.3622;1
20140209 225555;1.3622;1
20140209 225609;1.3621;1
20140209 225610;1.3621;1
20140209 225610;1.3621;1
20140209 225612;1.3621;1
20140209 225612;1.3621;1
20140209 225620;1.3621;1
20140209 225620;1.3621;1
20140209 225621;1.3621;1
20140209 225621;1.3621;1
20140209 225626;1.3621;1
20140209 225643;1.3621;1
20140209 225643;1.3621;1
20140209 225643;1.3622;1
20140209 225643;1.3622;1
20140209 225645;1.3622;1
20140209 225647;1.3622;1
20140209 225647;1.3622;1
20140209 225647;1.3622;1
20140209 225647;1.3622;1
20140209 225650;1.3622;1
20140209 225650;1.3621;1
20140209 225653;1.3622;1
20140209 225655;1.3621;1
20140209 225659;1.3622;1
20140209 225708;1.3622;1
20140209 225709;1.3622;1
20140209 225710;1.3622;1
20140209 225710;1.3622;1
20140209 225715;1.3622;1
20140209 225715;1.3622;1
20140209 225715;1.3622;1
20140209 225715;1.3622;1
20140209 225715;1.3622;1
20140209 225715;1.3622;1
20140209 225715;1.3622;1
20140209 225715;1.3622;1
20140209 225716;1.3622;1
20140209 225722;1.3622;1
20140209 225722;1.3622;1
20140209 225722;1.3622;1
20140209 225725;1.3621;1
20140209 225725;1.3621;1
20140209 225725;1.3621;1
20140209 225725;1.3621;1
20140209 225725;1.3621;1
20140209 225725;1.3621;1
20140209 225725;1.3622;1
20140209 225728;1.3622;1
20140209 225732;1.3622;1
20140209 225732;1.3622;1
20140209 225737;1.3622;1
20140209 225738;1.3622;1
20140209 225738;1.3622;1
20140209 225738;1.3622;1
20140209 225738;1.3622;1
20140209 225741;1.3622;1
20140209 225741;1.3622;1
20140209 225747;1.3622;1
20140209 225747;1.3622;1
20140209 225748;1.3622;1
20140209 225748;1.3622;1
20140209 225751;1.3622;1
20140209 225801;1.3622;1
20140209 225801;1.3622;1
20140209 225812;1.3622;1
20140209 225813;1.3622;1
20140209 225817;1.3622;1
20140209 225817;1.3622;1
20140209 225830;1.3622;1
20140209 225830;1.3622;1
20140209 225834;1.3622;1
20140209 225834;1.3622;1
20140209 225838;1.3622;1
20140209 225838;1.3622;1
20140209 225838;1.3622;1
20140209 225838;1.3622;1
20140209 225838;1.3622;1
20140209 225850;1.3622;1
20140209 225850;1.3622;1
20140209 225850;1.3622;1
20140209 225859;1.3622;1
20140209 225859;1.3622;1
20140209 225901;1.3622;1
20140209 225901;1.3622;1
20140209 225901;1.3622;1
20140209 225901;1.3622;1
20140209 225901;1.3622;1
20140209 225902;1.3622;1
20140209 225902;1.3622;1
20140209 225902;1.3622;1
20140209 225903;1.3622;1
20140209 225903;1.3622;1
20140209 225903;1.3622;1
20140209 225903;1.3622;1
20140209 225903;1.3622;1
20140209 225948;1.3622;1
20140209 225948;1.3622;1
20140209 225948;1.3622;1
20140209 225948;1.3622;1
20140209 225958;1.3622;1
20140209 225958;1.3622;1
20140209 230000;1.3622;1
20140209 230000;1.3622;1
20140209 230000;1.3622;1
20140209 230000;1.3622;1
20140209 230000;1.3622;1
20140209 230001;1.3624;1
20140209 230001;1.3624;1
20140209 230001;1.3624;1
20140209 230001;1.3624;1
20140209 230001;1.3624;1
20140209 230001;1.3624;1
20140209 230001;1.3624;1
20140209 230002;1.3624;1
20140209 230002;1.3624;1
20140209 230002;1.3624;1
20140209 230002;1.3624;1
20140209 230002;1.3624;1
20140209 230002;1.3624;1
20140209 230002;1.3625;1
20140209 230002;1.3625;1
20140209 230002;1.3625;1
20140209 230002;1.3625;1
20140209 230002;1.3625;1
20140209 230002;1.3625;1
20140209 230002;1.3625;1
20140209 230004;1.3625;1
20140209 230004;1.3625;1
20140209 230005;1.3625;1
20140209 230005;1.3625;1
20140209 230006;1.3625;1
20140209 230006;1.3625;1
20140209 230007;1.3625;1
20140209 230007;1.3625;1
20140209 230007;1.3625;1
20140209 230007;1.3625;1
20140209 230007;1.3625;1
20140209 230008;1.3625;1
20140209 230008;1.3625;1
20140209 230008;1.3625;1
20140209 230010;1.3625;1
20140209 230010;1.3625;1
20140209 230010;1.3625;1
20140209 230011;1.3625;1
20140209 230011;1.3625;1
20140209 230011;1.3625;1
20140209 230013;1.3625;1
20140209 230013;1.3625;1
20140209 230013;1.3625;1
20140209 230014;1.3625;1
20140209 230014;1.3625;1
20140209 230014;1.3625;1
20140209 230015;1.3625;1
20140209 230015;1.3625;1
20140209 230015;1.3625;1
20140209 230015;1.3625;1
20140209 230016;1.3626;1
20140209 230016;1.3626;1
20140209 230017;1.3626;1
20140209 230017;1.3625;1
20140209 230020;1.3625;1
20140209 230021;1.3625;1
20140209 230022;1.3625;1
20140209 230022;1.3625;1
20140209 230022;1.3625;1
20140209 230022;1.3625;1
20140209 230022;1.3625;1
20140209 230023;1.3625;1
20140209 230023;1.3625;1
20140209 230023;1.3624;1
20140209 230023;1.3624;1
20140209 230023;1.3624;1
20140209 230023;1.3624;1
20140209 230023;1.3624;1
20140209 230023;1.3625;1
20140209 230023;1.3624;1
20140209 230023;1.3624;1
20140209 230023;1.3624;1
20140209 230023;1.3624;1
20140209 230023;1.3625;1
20140209 230023;1.3625;1
20140209 230023;1.3625;1
20140209 230023;1.3625;1
20140209 230024;1.3625;1
20140209 230024;1.3625;1
20140209 230024;1.3625;1
20140209 230025;1.3625;1
20140209 230025;1.3625;1
20140209 230025;1.3625;1
20140209 230031;1.3625;1
20140209 230031;1.3625;1
20140209 230031;1.3624;1
20140209 230032;1.3624;1
20140209 230032;1.3624;1
20140209 230032;1.3624;1
20140209 230032;1.3624;1
20140209 230032;1.3624;1
20140209 230032;1.3624;1
20140209 230035;1.3624;1
20140209 230036;1.3624;1
20140209 230036;1.3624;1
20140209 230036;1.3624;1
20140209 230038;1.3624;1
20140209 230038;1.3624;1
20140209 230043;1.3624;1
20140209 230043;1.3625;1
20140209 230043;1.3625;1
20140209 230043;1.3625;1
20140209 230043;1.3625;1
20140209 230043;1.3625;1
20140209 230044;1.3625;1
20140209 230045;1.3625;1
20140209 230047;1.3625;1
20140209 230048;1.3625;1
20140209 230049;1.3625;1
20140209 230049;1.3625;1
20140209 230051;1.3625;1
20140209 230052;1.3625;1
20140209 230052;1.3625;1
20140209 230052;1.3625;1
20140209 230052;1.3625;1
20140209 230053;1.3625;1
20140209 230053;1.3625;1
20140209 230053;1.3625;1
20140209 230112;1.3625;1
20140209 230115;1.3625;1
20140209 230115;1.3625;1
20140209 230115;1.3625;1
20140209 230115;1.3625;1
20140209 230115;1.3625;1
20140209 230115;1.3625;1
20140209 230115;1.3625;1
20140209 230115;1.3625;1
20140209 230116;1.3625;1
20140209 230116;1.3625;1
20140209 230116;1.3625;1
20140209 230116;1.3625;1
20140209 230116;1.3625;1
20140209 230116;1.3625;1
20140209 230116;1.3625;1
20140209 230116;1.3625;1
20140209 230116;1.3625;1
20140209 230116;1.3625;1
20140209 230116;1.3625;1
20140209 230116;1.3625;1
20140209 230116;1.3625;1
20140209 230116;1.3625;1
20140209 230116;1.3625;1
20140209 230117;1.3625;1
20140209 230117;1.3625;1
20140209 230117;1.3625;1
20140209 230117;1.3625;1
20140209 230117;1.3625;1
20140209 230117;1.3625;1
20140209 230117;1.3625;1
20140209 230117;1.3625;1
20140209 230117;1.3625;1
20140209 230120;1.3625;1
20140209 230120;1.3625;1
20140209 230120;1.3625;1
20140209 230120;1.3625;1
20140209 230123;1.3625;1
20140209 230123;1.3625;1
20140209 230125;1.3625;1
20140209 230125;1.3625;1
20140209 230126;1.3625;1
20140209 230126;1.3625;1
20140209 230126;1.3625;1
20140209 230126;1.3625;1
20140209 230126;1.3626;1
20140209 230128;1.3625;1
20140209 230128;1.3625;1
20140209 230128;1.3624;1
20140209 230128;1.3624;1
20140209 230128;1.3624;1
20140209 230128;1.3624;1
20140209 230128;1.3624;1
20140209 230128;1.3624;1
20140209 230128;1.3624;1
20140209 230128;1.3624;1
20140209 230129;1.3624;1
20140209 230129;1.3624;1
20140209 230129;1.3625;1
20140209 230129;1.3625;1
20140209 230130;1.3625;1
20140209 230130;1.3625;1
20140209 230137;1.3625;1
20140209 230137;1.3625;1
20140209 230137;1.3625;1
20140209 230138;1.3625;1
20140209 230138;1.3625;1
20140209 230152;1.3625;1
20140209 230200;1.3625;1
20140209 230200;1.3625;1
20140209 230200;1.3625;1
20140209 230200;1.3625;1
20140209 230200;1.3625;1
20140209 230210;1.3625;1
20140209 230210;1.3626;1
20140209 230210;1.3626;1
20140209 230211;1.3626;1
20140209 230229;1.3626;1
20140209 230229;1.3626;1
20140209 230229;1.3626;1
20140209 230229;1.3626;1
20140209 230229;1.3626;1
20140209 230229;1.3626;1
20140209 230244;1.3626;1
20140209 230244;1.3626;1
20140209 230244;1.3627;1
20140209 230244;1.3627;1
20140209 230245;1.3627;1
20140209 230248;1.3626;1
20140209 230248;1.3626;1
20140209 230248;1.3626;1
20140209 230248;1.3626;1
20140209 230248;1.3626;1
20140209 230248;1.3626;1
20140209 230248;1.3626;1
20140209 230248;1.3626;1
20140209 230305;1.3626;1
20140209 230320;1.3626;1
20140209 230320;1.3626;1
20140209 230325;1.3626;1
20140209 230325;1.3627;1
20140209 230325;1.3627;1
20140209 230325;1.3626;1
20140209 230325;1.3627;1
20140209 230325;1.3627;1
20140209 230325;1.3627;1
20140209 230325;1.3627;1
20140209 230325;1.3627;1
20140209 230325;1.3627;1
20140209 230325;1.3627;1
20140209 230328;1.3627;1
20140209 230329;1.3627;1
20140209 230329;1.3627;1
20140209 230329;1.3627;1
20140209 230329;1.3626;1
20140209 230329;1.3626;1
20140209 230329;1.3626;1
20140209 230329;1.3626;1
20140209 230329;1.3626;1
20140209 230329;1.3626;1
20140209 230329;1.3626;1
20140209 230329;1.3626;1
20140209 230329;1.3626;1
20140209 230329;1.3626;1
20140209 230330;1.3626;1
20140209 230330;1.3626;1
20140209 230330;1.3625;1
20140209 230330;1.3625;1
20140209 230330;1.3625;1
20140209 230330;1.3625;1
20140209 230330;1.3625;1
20140209 230333;1.3624;1
20140209 230333;1.3624;1
20140209 230333;1.3624;1
20140209 230333;1.3624;1
20140209 230334;1.3624;1
20140209 230334;1.3624;1
20140209 230334;1.3624;1
20140209 230334;1.3625;1
20140209 230334;1.3625;1
20140209 230334;1.3624;1
20140209 230334;1.3624;1
20140209 230334;1.3624;1
20140209 230335;1.3624;1
20140209 230335;1.3625;1
20140209 230335;1.3625;1
20140209 230335;1.3625;1
20140209 230335;1.3624;1
20140209 230335;1.3624;1
20140209 230335;1.3624;1
20140209 230335;1.3625;1
20140209 230335;1.3624;1
20140209 230335;1.3624;1
20140209 230335;1.3625;1
20140209 230335;1.3624;1
20140209 230335;1.3624;1
20140209 230336;1.3624;1
20140209 230336;1.3624;1
20140209 230336;1.3624;1
20140209 230338;1.3624;1
20140209 230338;1.3624;1
20140209 230341;1.3624;1
20140209 230341;1.3624;1
20140209 230351;1.3624;1
20140209 230351;1.3624;1
20140209 230352;1.3624;1
20140209 230352;1.3624;1
20140209 230353;1.3624;1
20140209 230357;1.3624;1
20140209 230357;1.3624;1
20140209 230359;1.3624;1
20140209 230359;1.3624;1
20140209 230400;1.3624;1
20140209 230400;1.3624;1
20140209 230400;1.3624;1
20140209 230400;1.3624;1
20140209 230400;1.3624;1
20140209 230400;1.3625;1
20140209 230401;1.3624;1
20140209 230404;1.3625;1
20140209 230405;1.3625;1
20140209 230405;1.3625;1
20140209 230405;1.3625;1
20140209 230407;1.3625;1
20140209 230408;1.3625;1
20140209 230411;1.3625;1
20140209 230411;1.3625;1
20140209 230412;1.3625;1
20140209 230412;1.3625;1
20140209 230412;1.3625;1
20140209 230412;1.3625;1
20140209 230412;1.3625;1
20140209 230412;1.3625;1
20140209 230412;1.3625;1
20140209 230412;1.3626;1
20140209 230413;1.3625;1
20140209 230413;1.3625;1
20140209 230415;1.3625;1
20140209 230415;1.3625;1
20140209 230416;1.3625;1
20140209 230416;1.3625;1
20140209 230416;1.3624;1
20140209 230416;1.3624;1
20140209 230417;1.3625;1
20140209 230417;1.3624;1
20140209 230418;1.3625;1
20140209 230418;1.3625;1
20140209 230418;1.3625;1
20140209 230418;1.3624;1
20140209 230418;1.3624;1
20140209 230418;1.3625;1
20140209 230418;1.3624;1
20140209 230418;1.3625;1
20140209 230418;1.3624;1
20140209 230418;1.3625;1
20140209 230418;1.3624;1
20140209 230418;1.3625;1
20140209 230418;1.3624;1
20140209 230418;1.3624;1
20140209 230419;1.3624;1
20140209 230424;1.3624;1
20140209 230424;1.3624;1
20140209 230427;1.3624;1
20140209 230427;1.3624;1
20140209 230427;1.3624;1
20140209 230427;1.3624;1
20140209 230427;1.3624;1
20140209 230428;1.3624;1
20140209 230430;1.3624;1
20140209 230430;1.3624;1
20140209 230430;1.3624;1
20140209 230430;1.3624;1
20140209 230430;1.3624;1
20140209 230430;1.3624;1
20140209 230430;1.3624;1
20140209 230430;1.3624;1
20140209 230430;1.3624;1
20140209 230430;1.3625;1
20140209 230431;1.3625;1
20140209 230431;1.3625;1
20140209 230431;1.3625;1
20140209 230431;1.3625;1
20140209 230432;1.3624;1
20140209 230432;1.3624;1
20140209 230432;1.3625;1
20140209 230434;1.3625;1
20140209 230434;1.3625;1
20140209 230434;1.3625;1
20140209 230435;1.3625;1
20140209 230435;1.3625;1
20140209 230435;1.3625;1
20140209 230435;1.3625;1
20140209 230438;1.3624;1
20140209 230438;1.3624;1
20140209 230438;1.3624;1
20140209 230438;1.3624;1
20140209 230440;1.3624;1
20140209 230440;1.3624;1
20140209 230440;1.3624;1
20140209 230440;1.3624;1
20140209 230440;1.3624;1
20140209 230440;1.3624;1
20140209 230442;1.3623;1
20140209 230445;1.3623;1
20140209 230445;1.3623;1
20140209 230445;1.3623;1
20140209 230446;1.3624;1
20140209 230448;1.3624;1
20140209 230448;1.3624;1
20140209 230448;1.3624;1
20140209 230448;1.3624;1
20140209 230448;1.3624;1
20140209 230449;1.3624;1
20140209 230450;1.3624;1
20140209 230450;1.3624;1
20140209 230450;1.3624;1
20140209 230450;1.3625;1
20140209 230450;1.3625;1
20140209 230500;1.3625;1
20140209 230504;1.3625;1
20140209 230504;1.3624;1
20140209 230505;1.3624;1
20140209 230509;1.3624;1
20140209 230509;1.3624;1
20140209 230510;1.3624;1
20140209 230510;1.3624;1
20140209 230510;1.3624;1
20140209 230516;1.3624;1
20140209 230516;1.3624;1
20140209 230516;1.3624;1
20140209 230519;1.3624;1
20140209 230519;1.3624;1
20140209 230519;1.3624;1
20140209 230520;1.3624;1
20140209 230520;1.3624;1
20140209 230520;1.3624;1
20140209 230520;1.3624;1
20140209 230520;1.3624;1
20140209 230520;1.3624;1
20140209 230520;1.3624;1
20140209 230520;1.3624;1
20140209 230520;1.3624;1
20140209 230520;1.3624;1
20140209 230522;1.3624;1
20140209 230522;1.3624;1
20140209 230522;1.3624;1
20140209 230522;1.3624;1
20140209 230522;1.3625;1
20140209 230523;1.3624;1
20140209 230523;1.3624;1
20140209 230552;1.3624;1
20140209 230552;1.3624;1
20140209 230557;1.3624;1
20140209 230558;1.3624;1
20140209 230559;1.3624;1
20140209 230603;1.3624;1
20140209 230609;1.3624;1
20140209 230611;1.3624;1
20140209 230612;1.3624;1
20140209 230613;1.3624;1
20140209 230613;1.3624;1
20140209 230613;1.3624;1
20140209 230614;1.3624;1
20140209 230614;1.3624;1
20140209 230614;1.3624;1
20140209 230615;1.3624;1
20140209 230616;1.3625;1
20140209 230617;1.3625;1
20140209 230617;1.3624;1
20140209 230620;1.3625;1
20140209 230652;1.3625;1
20140209 230652;1.3625;1
20140209 230652;1.3625;1
20140209 230652;1.3625;1
20140209 230652;1.3625;1
20140209 230652;1.3625;1
20140209 230652;1.3625;1
20140209 230652;1.3625;1
20140209 230652;1.3625;1
20140209 230652;1.3626;1
20140209 230652;1.3625;1
20140209 230652;1.3626;1
20140209 230652;1.3626;1
20140209 230656;1.3626;1
20140209 230656;1.3626;1
20140209 230656;1.3626;1
20140209 230707;1.3626;1
20140209 230708;1.3626;1
20140209 230708;1.3626;1
20140209 230708;1.3626;1
20140209 230708;1.3626;1
20140209 230710;1.3626;1
20140209 230710;1.3626;1
20140209 230710;1.3626;1
20140209 230716;1.3626;1
20140209 230731;1.3626;1
20140209 230731;1.3626;1
20140209 230732;1.3626;1
20140209 230733;1.3626;1
20140209 230733;1.3627;1
20140209 230733;1.3627;1
20140209 230734;1.3626;1
20140209 230734;1.3626;1
20140209 230734;1.3626;1
20140209 230734;1.3626;1
20140209 230735;1.3626;1
20140209 230735;1.3626;1
20140209 230737;1.3626;1
20140209 230737;1.3626;1
20140209 230739;1.3625;1
20140209 230739;1.3625;1
20140209 230740;1.3626;1
20140209 230740;1.3626;1
20140209 230742;1.3626;1
20140209 230743;1.3626;1
20140209 230743;1.3626;1
20140209 230801;1.3626;1
20140209 230818;1.3626;1
20140209 230818;1.3626;1
20140209 230818;1.3626;1
20140209 230818;1.3625;1
20140209 230821;1.3625;1
20140209 230824;1.3625;1
20140209 230837;1.3625;1
20140209 230850;1.3625;1
20140209 230850;1.3625;1
20140209 230906;1.3625;1
20140209 230947;1.3625;1
20140209 230948;1.3625;1
20140209 230948;1.3625;1
20140209 230948;1.3625;1
20140209 230948;1.3625;1
20140209 231020;1.3625;1
20140209 231027;1.3625;1
20140209 231048;1.3625;1
20140209 231105;1.3625;1
20140209 231121;1.3625;1
20140209 231128;1.3625;1
20140209 231128;1.3625;1
20140209 231233;1.3625;1
20140209 231237;1.3625;1
20140209 231237;1.3625;1
20140209 231237;1.3625;1
20140209 231258;1.3625;1
20140209 231303;1.3625;1
20140209 231307;1.3625;1
20140209 231307;1.3625;1
20140209 231321;1.3625;1
20140209 231321;1.3625;1
20140209 231321;1.3626;1
20140209 231321;1.3626;1
20140209 231321;1.3626;1
20140209 231321;1.3626;1
20140209 231321;1.3626;1
20140209 231321;1.3625;1
20140209 231321;1.3626;1
20140209 231322;1.3625;1
20140209 231323;1.3626;1
20140209 231323;1.3626;1
20140209 231325;1.3626;1
20140209 231325;1.3625;1
20140209 231334;1.3625;1
20140209 231334;1.3625;1
20140209 231345;1.3625;1
20140209 231346;1.3625;1
20140209 231346;1.3625;1
20140209 231347;1.3625;1
20140209 231347;1.3625;1
20140209 231347;1.3626;1
20140209 231353;1.3626;1
20140209 231353;1.3626;1
20140209 231353;1.3625;1
20140209 231353;1.3626;1
20140209 231358;1.3626;1
20140209 231414;1.3626;1
20140209 231414;1.3626;1
20140209 231436;1.3626;1
20140209 231443;1.3626;1
20140209 231443;1.3626;1
20140209 231443;1.3626;1
20140209 231443;1.3626;1
20140209 231443;1.3626;1
20140209 231443;1.3626;1
20140209 231443;1.3626;1
20140209 231453;1.3626;1
20140209 231453;1.3626;1
20140209 231456;1.3626;1
20140209 231456;1.3626;1
20140209 231456;1.3626;1
20140209 231456;1.3626;1
20140209 231457;1.3626;1
20140209 231457;1.3626;1
20140209 231457;1.3626;1
20140209 231508;1.3626;1
20140209 231508;1.3626;1
20140209 231508;1.3626;1
20140209 231508;1.3626;1
20140209 231508;1.3626;1
20140209 231508;1.3626;1
20140209 231509;1.3626;1
20140209 231509;1.3626;1
20140209 231509;1.3626;1
20140209 231509;1.3626;1
20140209 231509;1.3626;1
20140209 231509;1.3626;1
20140209 231512;1.3626;1
20140209 231512;1.3626;1
20140209 231522;1.3626;1
20140209 231522;1.3626;1
20140209 231522;1.3626;1
20140209 231522;1.3626;1
20140209 231522;1.3626;1
20140209 231523;1.3626;1
20140209 231523;1.3626;1
20140209 231523;1.3626;1
20140209 231523;1.3626;1
20140209 231523;1.3626;1
20140209 231523;1.3626;1
20140209 231525;1.3626;1
20140209 231526;1.3626;1
20140209 231533;1.3626;1
20140209 231535;1.3626;1
20140209 231535;1.3626;1
20140209 231535;1.3626;1
20140209 231535;1.3627;1
20140209 231535;1.3627;1
20140209 231536;1.3626;1
20140209 231536;1.3626;1
20140209 231536;1.3626;1
20140209 231536;1.3626;1
20140209 231537;1.3626;1
20140209 231538;1.3626;1
20140209 231538;1.3626;1
20140209 231540;1.3626;1
20140209 231541;1.3626;1
20140209 231541;1.3626;1
20140209 231543;1.3626;1
20140209 231543;1.3626;1
20140209 231545;1.3626;1
20140209 231559;1.3626;1
20140209 231604;1.3626;1
20140209 231608;1.3626;1
20140209 231640;1.3626;1
20140209 231647;1.3626;1
20140209 231656;1.3626;1
20140209 231659;1.3626;1
20140209 231659;1.3626;1
20140209 231659;1.3626;1
20140209 231705;1.3626;1
20140209 231705;1.3626;1
20140209 231708;1.3626;1
20140209 231708;1.3626;1
20140209 231710;1.3626;1
20140209 231710;1.3626;1
20140209 231736;1.3626;1
20140209 231816;1.3626;1
20140209 231823;1.3625;1
20140209 231823;1.3625;1
20140209 231823;1.3625;1
20140209 231823;1.3625;1
20140209 231823;1.3625;1
20140209 231824;1.3625;1
20140209 231824;1.3625;1
20140209 231824;1.3625;1
20140209 231824;1.3625;1
20140209 231824;1.3625;1
20140209 231824;1.3626;1
20140209 231824;1.3626;1
20140209 231824;1.3626;1
20140209 231824;1.3626;1
20140209 231824;1.3626;1
20140209 231824;1.3626;1
20140209 231824;1.3626;1
20140209 231824;1.3626;1
20140209 231824;1.3626;1
20140209 231826;1.3626;1
20140209 231828;1.3626;1
20140209 231828;1.3626;1
20140209 231828;1.3626;1
20140209 231829;1.3626;1
20140209 231829;1.3626;1
20140209 231837;1.3626;1
20140209 231844;1.3626;1
20140209 231844;1.3625;1
20140209 231844;1.3625;1
20140209 231845;1.3626;1
20140209 231845;1.3626;1
20140209 231845;1.3626;1
20140209 231845;1.3626;1
20140209 231846;1.3626;1
20140209 231847;1.3626;1
20140209 231847;1.3626;1
20140209 231847;1.3626;1
20140209 231949;1.3626;1
20140209 231949;1.3626;1
20140209 231954;1.3626;1
20140209 231954;1.3626;1
20140209 231954;1.3626;1
20140209 231954;1.3626;1
20140209 231954;1.3626;1
20140209 231954;1.3626;1
20140209 231954;1.3626;1
20140209 231954;1.3626;1
20140209 232001;1.3626;1
20140209 232001;1.3626;1
20140209 232001;1.3626;1
20140209 232032;1.3626;1
20140209 232032;1.3626;1
20140209 232033;1.3626;1
20140209 232033;1.3626;1
20140209 232033;1.3626;1
20140209 232236;1.3626;1
20140209 232259;1.3625;1
20140209 232259;1.3625;1
20140209 232259;1.3625;1
20140209 232301;1.3625;1
20140209 232315;1.3625;1
20140209 232318;1.3625;1
20140209 232319;1.3625;1
20140209 232319;1.3625;1
20140209 232319;1.3625;1
20140209 232319;1.3625;1
20140209 232321;1.3625;1
20140209 232321;1.3625;1
20140209 232326;1.3625;1
20140209 232326;1.3625;1
20140209 232326;1.3625;1
20140209 232328;1.3625;1
20140209 232332;1.3625;1
20140209 232334;1.3625;1
20140209 232336;1.3625;1
20140209 232350;1.3625;1
20140209 232406;1.3625;1
20140209 232428;1.3625;1
20140209 232428;1.3625;1
20140209 232429;1.3625;1
20140209 232436;1.3625;1
20140209 232454;1.3625;1
20140209 232454;1.3625;1
20140209 232455;1.3625;1
20140209 232458;1.3624;1
20140209 232458;1.3624;1
20140209 232505;1.3624;1
20140209 232506;1.3624;1
20140209 232506;1.3624;1
20140209 232508;1.3624;1
20140209 232509;1.3624;1
20140209 232509;1.3624;1
20140209 232509;1.3624;1
20140209 232515;1.3624;1
20140209 232515;1.3624;1
20140209 232515;1.3624;1
20140209 232515;1.3624;1
20140209 232519;1.3624;1
20140209 232519;1.3624;1
20140209 232519;1.3624;1
20140209 232519;1.3624;1
20140209 232519;1.3624;1
20140209 232519;1.3624;1
20140209 232519;1.3624;1
20140209 232522;1.3624;1
20140209 232522;1.3624;1
20140209 232522;1.3624;1
20140209 232522;1.3624;1
20140209 232523;1.3624;1
20140209 232523;1.3624;1
20140209 232528;1.3624;1
20140209 232528;1.3624;1
20140209 232529;1.3624;1
20140209 232541;1.3624;1
20140209 232542;1.3624;1
20140209 232544;1.3624;1
20140209 232544;1.3624;1
20140209 232544;1.3624;1
20140209 232546;1.3624;1
20140209 232546;1.3624;1
20140209 232550;1.3624;1
20140209 232550;1.3625;1
20140209 232550;1.3625;1
20140209 232552;1.3625;1
20140209 232552;1.3625;1
20140209 232553;1.3625;1
20140209 232553;1.3625;1
20140209 232559;1.3625;1
20140209 232559;1.3625;1
20140209 232559;1.3625;1
20140209 232600;1.3625;1
20140209 232603;1.3625;1
20140209 232603;1.3625;1
20140209 232603;1.3625;1
20140209 232603;1.3625;1
20140209 232603;1.3625;1
20140209 232605;1.3625;1
20140209 232605;1.3624;1
20140209 232605;1.3624;1
20140209 232606;1.3624;1
20140209 232606;1.3624;1
20140209 232606;1.3624;1
20140209 232627;1.3624;1
20140209 232636;1.3624;1
20140209 232642;1.3624;1
20140209 232642;1.3624;1
20140209 232642;1.3624;1
20140209 232642;1.3624;1
20140209 232652;1.3624;1
20140209 232652;1.3624;1
20140209 232652;1.3624;1
20140209 232703;1.3624;1
20140209 232712;1.3624;1
20140209 232713;1.3624;1
20140209 232713;1.3624;1
20140209 232713;1.3624;1
20140209 232713;1.3624;1
20140209 232714;1.3624;1
20140209 232734;1.3624;1
20140209 232756;1.3624;1
20140209 232756;1.3624;1
20140209 232801;1.3624;1
20140209 232801;1.3624;1
20140209 232818;1.3624;1
20140209 232818;1.3624;1
20140209 232818;1.3624;1
20140209 232839;1.3624;1
20140209 232839;1.3624;1
20140209 232923;1.3624;1
20140209 232923;1.3624;1
20140209 232923;1.3624;1
20140209 232923;1.3624;1
20140209 232923;1.3624;1
20140209 232923;1.3624;1
20140209 232926;1.3624;1
20140209 232926;1.3624;1
20140209 232930;1.3624;1
20140209 232930;1.3624;1
20140209 232930;1.3624;1
20140209 232930;1.3624;1
20140209 232930;1.3624;1
20140209 232932;1.3624;1
20140209 232934;1.3624;1
20140209 232934;1.3624;1
20140209 232935;1.3624;1
20140209 232937;1.3624;1
20140209 232937;1.3624;1
20140209 232937;1.3624;1
20140209 232937;1.3624;1
20140209 232940;1.3624;1
20140209 232940;1.3624;1
20140209 232940;1.3623;1
20140209 232941;1.3623;1
20140209 232944;1.3623;1
20140209 232944;1.3623;1
20140209 232944;1.3623;1
20140209 232944;1.3623;1
20140209 232944;1.3623;1
20140209 232946;1.3623;1
20140209 232946;1.3623;1
20140209 232957;1.3623;1
20140209 232957;1.3623;1
20140209 232958;1.3623;1
20140209 232959;1.3623;1
20140209 232959;1.3623;1
20140209 232959;1.3623;1
20140209 233000;1.3623;1
20140209 233000;1.3623;1
20140209 233024;1.3623;1
20140209 233024;1.3623;1
20140209 233024;1.3623;1
20140209 233025;1.3623;1
20140209 233028;1.3623;1
20140209 233029;1.3623;1
20140209 233029;1.3623;1
20140209 233029;1.3623;1
20140209 233029;1.3623;1
20140209 233030;1.3623;1
20140209 233030;1.3623;1
20140209 233030;1.3623;1
20140209 233030;1.3623;1
20140209 233035;1.3623;1
20140209 233035;1.3623;1
20140209 233036;1.3623;1
20140209 233036;1.3623;1
20140209 233036;1.3623;1
20140209 233036;1.3623;1
20140209 233036;1.3623;1
20140209 233040;1.3623;1
20140209 233040;1.3623;1
20140209 233049;1.3623;1
20140209 233049;1.3623;1
20140209 233053;1.3623;1
20140209 233053;1.3623;1
20140209 233055;1.3623;1
20140209 233055;1.3623;1
20140209 233230;1.3623;1
20140209 233230;1.3623;1
20140209 233332;1.3623;1
20140209 233343;1.3623;1
20140209 233343;1.3623;1
20140209 233343;1.3623;1
20140209 233343;1.3623;1
20140209 233343;1.3623;1
20140209 233343;1.3623;1
20140209 233343;1.3623;1
20140209 233343;1.3623;1
20140209 233343;1.3623;1
20140209 233344;1.3623;1
20140209 233344;1.3623;1
20140209 233344;1.3624;1
20140209 233347;1.3624;1
20140209 233347;1.3624;1
20140209 233347;1.3624;1
20140209 233347;1.3624;1
20140209 233351;1.3624;1
20140209 233351;1.3624;1
20140209 233351;1.3623;1
20140209 233351;1.3623;1
20140209 233351;1.3623;1
20140209 233356;1.3623;1
20140209 233357;1.3623;1
20140209 233406;1.3623;1
20140209 233406;1.3623;1
20140209 233406;1.3623;1
20140209 233409;1.3623;1
20140209 233409;1.3623;1
20140209 233415;1.3622;1
20140209 233415;1.3622;1
20140209 233417;1.3622;1
20140209 233417;1.3623;1
20140209 233419;1.3623;1
20140209 233423;1.3623;1
20140209 233423;1.3623;1
20140209 233423;1.3623;1
20140209 233423;1.3623;1
20140209 233423;1.3623;1
20140209 233423;1.3623;1
20140209 233425;1.3623;1
20140209 233425;1.3623;1
20140209 233426;1.3623;1
20140209 233426;1.3623;1
20140209 233426;1.3624;1
20140209 233426;1.3624;1
20140209 233431;1.3623;1
20140209 233431;1.3623;1
20140209 233431;1.3623;1
20140209 233431;1.3623;1
20140209 233431;1.3623;1
20140209 233432;1.3623;1
20140209 233433;1.3623;1
20140209 233434;1.3623;1
20140209 233434;1.3623;1
20140209 233436;1.3623;1
20140209 233436;1.3623;1
20140209 233436;1.3624;1
20140209 233436;1.3624;1
20140209 233436;1.3624;1
20140209 233439;1.3623;1
20140209 233439;1.3623;1
20140209 233439;1.3623;1
20140209 233439;1.3623;1
20140209 233439;1.3623;1
20140209 233446;1.3623;1
20140209 233446;1.3623;1
20140209 233446;1.3623;1
20140209 233448;1.3623;1
20140209 233448;1.3623;1
20140209 233448;1.3623;1
20140209 233451;1.3623;1
20140209 233451;1.3623;1
20140209 233452;1.3623;1
20140209 233459;1.3623;1
20140209 233459;1.3623;1
20140209 233459;1.3623;1
20140209 233459;1.3623;1
20140209 233500;1.3623;1
20140209 233501;1.3623;1
20140209 233501;1.3623;1
20140209 233502;1.3623;1
20140209 233502;1.3623;1
20140209 233502;1.3623;1
20140209 233502;1.3623;1
20140209 233503;1.3623;1
20140209 233519;1.3623;1
20140209 233522;1.3623;1
20140209 233524;1.3623;1
20140209 233531;1.3623;1
20140209 233531;1.3623;1
20140209 233531;1.3623;1
20140209 233533;1.3623;1
20140209 233542;1.3623;1
20140209 233542;1.3623;1
20140209 233542;1.3623;1
20140209 233542;1.3623;1
20140209 233542;1.3623;1
20140209 233542;1.3623;1
20140209 233543;1.3623;1
20140209 233543;1.3623;1
20140209 233544;1.3623;1
20140209 233546;1.3623;1
20140209 233546;1.3623;1
20140209 233546;1.3623;1
20140209 233607;1.3623;1
20140209 233644;1.3623;1
20140209 233644;1.3623;1
20140209 233646;1.3623;1
20140209 233658;1.3623;1
20140209 233706;1.3623;1
20140209 233706;1.3622;1
20140209 233706;1.3622;1
20140209 233706;1.3622;1
20140209 233706;1.3622;1
20140209 233706;1.3622;1
20140209 233707;1.3622;1
20140209 233707;1.3622;1
20140209 233707;1.3622;1
20140209 233707;1.3622;1
20140209 233707;1.3622;1
20140209 233707;1.3622;1
20140209 233708;1.3622;1
20140209 233708;1.3621;1
20140209 233708;1.3621;1
20140209 233708;1.3621;1
20140209 233708;1.3621;1
20140209 233708;1.3621;1
20140209 233708;1.3621;1
20140209 233708;1.3621;1
20140209 233708;1.3621;1
20140209 233708;1.3621;1
20140209 233708;1.3621;1
20140209 233708;1.3621;1
20140209 233708;1.3621;1
20140209 233709;1.3622;1
20140209 233714;1.3622;1
20140209 233715;1.3622;1
20140209 233715;1.3622;1
20140209 233715;1.3622;1
20140209 233715;1.3622;1
20140209 233715;1.3622;1
20140209 233715;1.3621;1
20140209 233715;1.3621;1
20140209 233715;1.3621;1
20140209 233716;1.3621;1
20140209 233716;1.3622;1
20140209 233724;1.3622;1
20140209 233724;1.3622;1
20140209 233724;1.3622;1
20140209 233724;1.3622;1
20140209 233724;1.3622;1
20140209 233732;1.3622;1
20140209 233732;1.3622;1
20140209 233732;1.3622;1
20140209 233744;1.3622;1
20140209 233744;1.3622;1
20140209 233744;1.3622;1
20140209 233744;1.3622;1
20140209 233744;1.3622;1
20140209 233745;1.3622;1
20140209 233745;1.3622;1
20140209 233745;1.3623;1
20140209 233745;1.3622;1
20140209 233745;1.3622;1
20140209 233745;1.3622;1
20140209 233747;1.3622;1
20140209 233747;1.3622;1
20140209 233747;1.3622;1
20140209 233747;1.3623;1
20140209 233747;1.3623;1
20140209 233754;1.3623;1
20140209 233754;1.3623;1
20140209 233755;1.3623;1
20140209 233755;1.3623;1
20140209 233756;1.3623;1
20140209 233756;1.3623;1
20140209 233756;1.3623;1
20140209 233756;1.3623;1
20140209 233756;1.3623;1
20140209 233759;1.3622;1
20140209 233759;1.3622;1
20140209 233800;1.3622;1
20140209 233800;1.3622;1
20140209 233800;1.3622;1
20140209 233800;1.3622;1
20140209 233800;1.3622;1
20140209 233800;1.3623;1
20140209 233801;1.3623;1
20140209 233801;1.3622;1
20140209 233807;1.3622;1
20140209 233810;1.3622;1
20140209 233810;1.3622;1
20140209 233810;1.3622;1
20140209 233810;1.3622;1
20140209 233811;1.3622;1
20140209 233811;1.3622;1
20140209 233814;1.3622;1
20140209 233815;1.3622;1
20140209 233815;1.3622;1
20140209 233815;1.3622;1
20140209 233817;1.3622;1
20140209 233817;1.3622;1
20140209 233817;1.3622;1
20140209 233818;1.3622;1
20140209 233818;1.3622;1
20140209 233818;1.3622;1
20140209 233818;1.3622;1
20140209 233818;1.3622;1
20140209 233818;1.3622;1
20140209 233818;1.3622;1
20140209 233824;1.3622;1
20140209 233824;1.3622;1
20140209 233824;1.3622;1
20140209 233826;1.3622;1
20140209 233826;1.3622;1
20140209 233835;1.3622;1
20140209 233835;1.3622;1
20140209 233835;1.3622;1
20140209 233836;1.3622;1
20140209 233840;1.3622;1
20140209 233840;1.3622;1
20140209 233843;1.3622;1
20140209 233844;1.3622;1
20140209 233848;1.3622;1
20140209 233848;1.3622;1
20140209 233848;1.3622;1
20140209 233848;1.3622;1
20140209 233852;1.3622;1
20140209 233900;1.3622;1
20140209 233903;1.3622;1
20140209 233907;1.3622;1
20140209 233940;1.3622;1
20140209 233951;1.3622;1
20140209 233951;1.3622;1
20140209 233951;1.3622;1
20140209 233952;1.3622;1
20140209 234001;1.3622;1
20140209 234006;1.3622;1
20140209 234006;1.3622;1
20140209 234006;1.3622;1
20140209 234006;1.3622;1
20140209 234006;1.3622;1
20140209 234006;1.3622;1
20140209 234006;1.3622;1
20140209 234006;1.3622;1
20140209 234006;1.3622;1
20140209 234006;1.3622;1
20140209 234020;1.3622;1
20140209 234042;1.3622;1
20140209 234108;1.3622;1
20140209 234117;1.3622;1
20140209 234119;1.3622;1
20140209 234129;1.3622;1
20140209 234130;1.3622;1
20140209 234137;1.3622;1
20140209 234149;1.3622;1
20140209 234159;1.3622;1
20140209 234201;1.3622;1
20140209 234201;1.3622;1
20140209 234201;1.3622;1
20140209 234201;1.3622;1
20140209 234204;1.3622;1
20140209 234225;1.3622;1
20140209 234235;1.3622;1
20140209 234246;1.3622;1
20140209 234246;1.3622;1
20140209 234300;1.3622;1
20140209 234300;1.3622;1
20140209 234300;1.3622;1
20140209 234300;1.3623;1
20140209 234300;1.3623;1
20140209 234300;1.3623;1
20140209 234301;1.3623;1
20140209 234317;1.3623;1
20140209 234318;1.3623;1
20140209 234337;1.3623;1
20140209 234337;1.3623;1
20140209 234337;1.3623;1
20140209 234337;1.3623;1
20140209 234337;1.3623;1
20140209 234337;1.3623;1
20140209 234337;1.3623;1
20140209 234337;1.3624;1
20140209 234337;1.3624;1
20140209 234337;1.3623;1
20140209 234337;1.3623;1
20140209 234337;1.3623;1
20140209 234337;1.3623;1
20140209 234337;1.3623;1
20140209 234338;1.3623;1
20140209 234338;1.3623;1
20140209 234338;1.3623;1
20140209 234339;1.3623;1
20140209 234342;1.3623;1
20140209 234342;1.3623;1
20140209 234420;1.3623;1
20140209 234420;1.3623;1
20140209 234421;1.3623;1
20140209 234421;1.3623;1
20140209 234421;1.3623;1
20140209 234421;1.3624;1
20140209 234423;1.3624;1
20140209 234425;1.3624;1
20140209 234510;1.3624;1
20140209 234516;1.3624;1
20140209 234535;1.3624;1
20140209 234535;1.3624;1
20140209 234557;1.3624;1
20140209 234610;1.3624;1
20140209 234610;1.3624;1
20140209 234610;1.3624;1
20140209 234611;1.3624;1
20140209 234611;1.3624;1
20140209 234611;1.3624;1
20140209 234611;1.3624;1
20140209 234611;1.3624;1
20140209 234611;1.3624;1
20140209 234611;1.3624;1
20140209 234611;1.3624;1
20140209 234619;1.3624;1
20140209 234619;1.3624;1
20140209 234619;1.3624;1
20140209 234624;1.3624;1
20140209 234624;1.3625;1
20140209 234624;1.3625;1
20140209 234624;1.3625;1
20140209 234624;1.3625;1
20140209 234624;1.3625;1
20140209 234625;1.3624;1
20140209 234625;1.3624;1
20140209 234625;1.3624;1
20140209 234625;1.3624;1
20140209 234626;1.3624;1
20140209 234626;1.3624;1
20140209 234626;1.3624;1
20140209 234628;1.3624;1
20140209 234632;1.3624;1
20140209 234632;1.3624;1
20140209 234632;1.3624;1
20140209 234632;1.3625;1
20140209 234632;1.3625;1
20140209 234632;1.3624;1
20140209 234632;1.3625;1
20140209 234632;1.3625;1
20140209 234632;1.3625;1
20140209 234639;1.3625;1
20140209 234642;1.3625;1
20140209 234642;1.3624;1
20140209 234642;1.3624;1
20140209 234643;1.3624;1
20140209 234644;1.3624;1
20140209 234644;1.3624;1
20140209 234644;1.3624;1
20140209 234644;1.3624;1
20140209 234644;1.3624;1
20140209 234644;1.3624;1
20140209 234644;1.3624;1
20140209 234650;1.3624;1
20140209 234650;1.3624;1
20140209 234653;1.3624;1
20140209 234653;1.3624;1
20140209 234655;1.3624;1
20140209 234655;1.3624;1
20140209 234655;1.3624;1
20140209 234657;1.3624;1
20140209 234657;1.3624;1
20140209 234708;1.3623;1
20140209 234708;1.3623;1
20140209 234708;1.3623;1
20140209 234715;1.3623;1
20140209 234715;1.3623;1
20140209 234715;1.3623;1
20140209 234715;1.3623;1
20140209 234715;1.3623;1
20140209 234715;1.3623;1
20140209 234715;1.3623;1
20140209 234715;1.3623;1
20140209 234715;1.3623;1
20140209 234715;1.3623;1
20140209 234715;1.3623;1
20140209 234716;1.3623;1
20140209 234728;1.3623;1
20140209 234728;1.3623;1
20140209 234728;1.3623;1
20140209 234728;1.3623;1
20140209 234728;1.3623;1
20140209 234728;1.3623;1
20140209 234728;1.3623;1
20140209 234728;1.3624;1
20140209 234728;1.3624;1
20140209 234730;1.3624;1
20140209 234730;1.3624;1
20140209 234730;1.3624;1
20140209 234730;1.3624;1
20140209 234730;1.3624;1
20140209 234730;1.3624;1
20140209 234731;1.3624;1
20140209 234731;1.3624;1
20140209 234731;1.3624;1
20140209 234731;1.3624;1
20140209 234732;1.3624;1
20140209 234732;1.3624;1
20140209 234732;1.3624;1
20140209 234732;1.3624;1
20140209 234732;1.3624;1
20140209 234732;1.3624;1
20140209 234732;1.3625;1
20140209 234732;1.3625;1
20140209 234732;1.3625;1
20140209 234734;1.3625;1
20140209 234734;1.3624;1
20140209 234734;1.3624;1
20140209 234739;1.3624;1
20140209 234739;1.3624;1
20140209 234739;1.3624;1
20140209 234739;1.3624;1
20140209 234739;1.3624;1
20140209 234739;1.3624;1
20140209 234739;1.3624;1
20140209 234751;1.3624;1
20140209 234751;1.3624;1
20140209 234751;1.3624;1
20140209 234751;1.3624;1
20140209 234811;1.3624;1
20140209 234811;1.3624;1
20140209 234813;1.3624;1
20140209 234814;1.3624;1
20140209 234815;1.3624;1
20140209 234816;1.3624;1
20140209 234816;1.3624;1
20140209 234816;1.3624;1
20140209 234816;1.3624;1
20140209 234816;1.3624;1
20140209 234816;1.3624;1
20140209 234816;1.3624;1
20140209 234816;1.3624;1
20140209 234818;1.3624;1
20140209 234821;1.3624;1
20140209 234832;1.3624;1
20140209 234842;1.3624;1
20140209 234847;1.3624;1
20140209 234847;1.3624;1
20140209 234847;1.3624;1
20140209 234847;1.3624;1
20140209 234851;1.3624;1
20140209 234851;1.3623;1
20140209 234851;1.3623;1
20140209 234851;1.3623;1
20140209 234932;1.3623;1
20140209 235009;1.3623;1
20140209 235009;1.3623;1
20140209 235010;1.3623;1
20140209 235012;1.3623;1
20140209 235022;1.3623;1
20140209 235022;1.3623;1
20140209 235022;1.3623;1
20140209 235103;1.3623;1
20140209 235122;1.3623;1
20140209 235122;1.3623;1
20140209 235122;1.3623;1
20140209 235122;1.3623;1
20140209 235122;1.3623;1
20140209 235122;1.3623;1
20140209 235122;1.3623;1
20140209 235123;1.3623;1
20140209 235123;1.3623;1
20140209 235133;1.3622;1
20140209 235133;1.3622;1
20140209 235133;1.3622;1
20140209 235133;1.3622;1
20140209 235134;1.3622;1
20140209 235134;1.3622;1
20140209 235134;1.3622;1
20140209 235136;1.3622;1
20140209 235140;1.3622;1
20140209 235141;1.3622;1
20140209 235142;1.3622;1
20140209 235143;1.3622;1
20140209 235144;1.3622;1
20140209 235144;1.3622;1
20140209 235145;1.3622;1
20140209 235145;1.3622;1
20140209 235201;1.3622;1
20140209 235201;1.3623;1
20140209 235201;1.3623;1
20140209 235201;1.3622;1
20140209 235203;1.3622;1
20140209 235209;1.3622;1
20140209 235212;1.3622;1
20140209 235213;1.3622;1
20140209 235213;1.3622;1
20140209 235230;1.3622;1
20140209 235230;1.3622;1
20140209 235230;1.3622;1
20140209 235232;1.3622;1
20140209 235236;1.3622;1
20140209 235236;1.3622;1
20140209 235236;1.3622;1
20140209 235247;1.3622;1
20140209 235250;1.3622;1
20140209 235250;1.3622;1
20140209 235252;1.3622;1
20140209 235255;1.3622;1
20140209 235255;1.3622;1
20140209 235255;1.3622;1
20140209 235300;1.3622;1
20140209 235309;1.3622;1
20140209 235309;1.3622;1
20140209 235310;1.3622;1
20140209 235311;1.3622;1
20140209 235311;1.3622;1
20140209 235311;1.3622;1
20140209 235311;1.3622;1
20140209 235311;1.3622;1
20140209 235311;1.3622;1
20140209 235319;1.3622;1
20140209 235319;1.3622;1
20140209 235336;1.3622;1
20140209 235337;1.3621;1
20140209 235343;1.3621;1
20140209 235347;1.3621;1
20140209 235410;1.3622;1
20140209 235419;1.3621;1
20140209 235419;1.3621;1
20140209 235419;1.3621;1
20140209 235419;1.3621;1
20140209 235419;1.3621;1
20140209 235419;1.3621;1
20140209 235419;1.3621;1
20140209 235419;1.3621;1
20140209 235419;1.3621;1
20140209 235419;1.3621;1
20140209 235419;1.3621;1
20140209 235419;1.3621;1
20140209 235419;1.3621;1
20140209 235420;1.3621;1
20140209 235420;1.3621;1
20140209 235420;1.3621;1
20140209 235422;1.3621;1
20140209 235422;1.3621;1
20140209 235422;1.3621;1
20140209 235422;1.3621;1
20140209 235422;1.3621;1
20140209 235422;1.3621;1
20140209 235423;1.3621;1
20140209 235424;1.3621;1
20140209 235425;1.3621;1
20140209 235425;1.3621;1
20140209 235425;1.3621;1
20140209 235425;1.3621;1
20140209 235425;1.3621;1
20140209 235425;1.3621;1
20140209 235426;1.3621;1
20140209 235426;1.3621;1
20140209 235427;1.3621;1
20140209 235427;1.3621;1
20140209 235427;1.3621;1
20140209 235427;1.3621;1
20140209 235427;1.3621;1
20140209 235427;1.3621;1
20140209 235427;1.3621;1
20140209 235427;1.3621;1
20140209 235427;1.3621;1
20140209 235428;1.3621;1
20140209 235428;1.3621;1
20140209 235428;1.3621;1
20140209 235429;1.3621;1
20140209 235429;1.3621;1
20140209 235429;1.3621;1
20140209 235429;1.3621;1
20140209 235429;1.3621;1
20140209 235430;1.3621;1
20140209 235438;1.3621;1
20140209 235438;1.3621;1
20140209 235446;1.3621;1
20140209 235447;1.3621;1
20140209 235455;1.3621;1
20140209 235455;1.3621;1
20140209 235455;1.3621;1
20140209 235455;1.3621;1
20140209 235455;1.3621;1
20140209 235455;1.3621;1
20140209 235455;1.3621;1
20140209 235455;1.3621;1
20140209 235500;1.3621;1
20140209 235515;1.3621;1
20140209 235515;1.3621;1
20140209 235517;1.3621;1
20140209 235517;1.3621;1
20140209 235519;1.3621;1
20140209 235529;1.3621;1
20140209 235541;1.3621;1
20140209 235602;1.3621;1
20140209 235622;1.3621;1
20140209 235622;1.3621;1
20140209 235622;1.3621;1
20140209 235622;1.3621;1
20140209 235622;1.3621;1
20140209 235622;1.3621;1
20140209 235622;1.3621;1
20140209 235622;1.3621;1
20140209 235622;1.3621;1
20140209 235622;1.3621;1
20140209 235626;1.362;1
20140209 235626;1.362;1
20140209 235626;1.362;1
20140209 235626;1.362;1
20140209 235627;1.362;1
20140209 235627;1.362;1
20140209 235627;1.362;1
20140209 235628;1.362;1
20140209 235628;1.362;1
20140209 235628;1.362;1
20140209 235628;1.362;1
20140209 235628;1.362;1
20140209 235628;1.362;1
20140209 235628;1.362;1
20140209 235628;1.362;1
20140209 235628;1.362;1
20140209 235629;1.362;1
20140209 235629;1.362;1
20140209 235629;1.362;1
20140209 235629;1.362;1
20140209 235630;1.362;1
20140209 235630;1.362;1
20140209 235630;1.362;1
20140209 235630;1.362;1
20140209 235636;1.362;1
20140209 235643;1.362;1
20140209 235643;1.362;1
20140209 235643;1.362;1
20140209 235643;1.362;1
20140209 235643;1.3619;1
20140209 235643;1.362;1
20140209 235643;1.362;1
20140209 235643;1.362;1
20140209 235643;1.3619;1
20140209 235644;1.3619;1
20140209 235644;1.3619;1
20140209 235651;1.362;1
20140209 235657;1.3619;1
20140209 235657;1.362;1
20140209 235704;1.362;1
20140209 235708;1.362;1
20140209 235708;1.3619;1
20140209 235720;1.3619;1
20140209 235720;1.362;1
20140209 235727;1.362;1
20140209 235727;1.3619;1
20140209 235732;1.3619;1
20140209 235732;1.3619;1
20140209 235733;1.3619;1
20140209 235733;1.3619;1
20140209 235736;1.3619;1
20140209 235741;1.3619;1
20140209 235756;1.362;1
20140209 235757;1.362;1
20140209 235759;1.362;1
20140209 235803;1.362;1
20140209 235804;1.3619;1
20140209 235804;1.3619;1
20140209 235807;1.3619;1
20140209 235811;1.3619;1
20140209 235811;1.3619;1
20140209 235811;1.3619;1
20140209 235812;1.3619;1
20140209 235812;1.362;1
20140209 235812;1.362;1
20140209 235812;1.362;1
20140209 235812;1.362;1
20140209 235812;1.362;1
20140209 235812;1.362;1
20140209 235812;1.362;1
20140209 235812;1.362;1
20140209 235812;1.362;1
20140209 235819;1.362;1
20140209 235822;1.362;1
20140209 235822;1.3621;1
20140209 235901;1.3621;1
20140209 235903;1.3621;1
20140209 235907;1.362;1
20140209 235907;1.362;1
20140209 235907;1.362;1
20140209 235907;1.362;1
20140209 235907;1.362;1
20140209 235908;1.362;1
20140209 235908;1.362;1
20140209 235908;1.362;1
20140209 235908;1.362;1
20140209 235913;1.362;1
20140209 235932;1.362;1
20140209 235932;1.362;1
20140209 235932;1.362;1
20140209 235936;1.362;1
20140209 235940;1.362;1
20140209 235940;1.362;1
20140209 235941;1.362;1
20140209 235941;1.362;1
20140209 235944;1.362;1
20140209 235947;1.362;1
20140209 235949;1.362;1
20140209 235949;1.362;1
20140209 235949;1.362;1
20140209 235950;1.362;1
20140210 000000;1.362;1
20140210 000001;1.362;1
20140210 000003;1.362;1
20140210 000005;1.362;1
20140210 000006;1.362;1
20140210 000006;1.362;1
20140210 000014;1.362;1
20140210 000014;1.362;1
20140210 000015;1.362;1
20140210 000015;1.362;1
20140210 000019;1.362;1
20140210 000019;1.362;1
20140210 000033;1.362;1
20140210 000036;1.362;1
20140210 000040;1.362;1
20140210 000044;1.362;1
20140210 000045;1.362;1
20140210 000047;1.362;1
20140210 000047;1.362;1
20140210 000048;1.362;1
20140210 000050;1.362;1
20140210 000056;1.362;1
20140210 000056;1.362;1
20140210 000056;1.362;1
20140210 000056;1.362;1
20140210 000057;1.362;1
20140210 000100;1.362;1
20140210 000100;1.362;1
20140210 000100;1.362;1
20140210 000107;1.362;1
20140210 000107;1.362;1
20140210 000107;1.362;1
20140210 000114;1.362;1
20140210 000117;1.362;1
20140210 000125;1.362;1
20140210 000125;1.362;1
20140210 000125;1.362;1
20140210 000125;1.362;1
20140210 000125;1.362;1
20140210 000125;1.362;1
20140210 000125;1.362;1
20140210 000125;1.362;1
20140210 000125;1.362;1
20140210 000126;1.362;1
20140210 000126;1.362;1
20140210 000126;1.362;1
20140210 000129;1.362;1
20140210 000130;1.362;1
20140210 000130;1.362;1
20140210 000136;1.362;1
20140210 000136;1.362;1
20140210 000136;1.362;1
20140210 000138;1.362;1
20140210 000138;1.362;1
20140210 000144;1.362;1
20140210 000145;1.362;1
20140210 000145;1.362;1
20140210 000153;1.362;1
20140210 000153;1.362;1
20140210 000153;1.362;1
20140210 000153;1.362;1
20140210 000153;1.3621;1
20140210 000153;1.3621;1
20140210 000153;1.3621;1
20140210 000153;1.3621;1
20140210 000154;1.3621;1
20140210 000214;1.3621;1
20140210 000224;1.3621;1
20140210 000224;1.3621;1
20140210 000224;1.3621;1
20140210 000224;1.3621;1
20140210 000224;1.3621;1
20140210 000224;1.3621;1
20140210 000224;1.3622;1
20140210 000224;1.3622;1
20140210 000224;1.3622;1
20140210 000224;1.3622;1
20140210 000225;1.3622;1
20140210 000225;1.3622;1
20140210 000225;1.3622;1
20140210 000225;1.3622;1
20140210 000225;1.3622;1
20140210 000225;1.3622;1
20140210 000225;1.3622;1
20140210 000228;1.3622;1
20140210 000229;1.3622;1
20140210 000229;1.3622;1
20140210 000229;1.3622;1
20140210 000229;1.3622;1
20140210 000230;1.3622;1
20140210 000230;1.3622;1
20140210 000231;1.3622;1
20140210 000244;1.3622;1
20140210 000244;1.3622;1
20140210 000244;1.3622;1
20140210 000244;1.3622;1
20140210 000245;1.3622;1
20140210 000245;1.3622;1
20140210 000245;1.3622;1
20140210 000245;1.3622;1
20140210 000245;1.3622;1
20140210 000245;1.3622;1
20140210 000245;1.3622;1
20140210 000247;1.3622;1
20140210 000253;1.3623;1
20140210 000254;1.3622;1
20140210 000254;1.3622;1
20140210 000254;1.3622;1
20140210 000254;1.3622;1
20140210 000254;1.3622;1
20140210 000302;1.3622;1
20140210 000302;1.3622;1
20140210 000302;1.3622;1
20140210 000302;1.3622;1
20140210 000302;1.3622;1
20140210 000306;1.3622;1
20140210 000309;1.3622;1
20140210 000309;1.3622;1
20140210 000309;1.3622;1
20140210 000311;1.3622;1
20140210 000311;1.3622;1
20140210 000311;1.3622;1
20140210 000311;1.3622;1
20140210 000311;1.3622;1
20140210 000311;1.3622;1
20140210 000336;1.3622;1
20140210 000337;1.3622;1
20140210 000418;1.3622;1
20140210 000438;1.3622;1
20140210 000459;1.3622;1
20140210 000459;1.3622;1
20140210 000502;1.3622;1
20140210 000502;1.3622;1
20140210 000502;1.3622;1
20140210 000502;1.3622;1
20140210 000502;1.3622;1
20140210 000512;1.3621;1
20140210 000512;1.3621;1
20140210 000512;1.3621;1
20140210 000512;1.3621;1
20140210 000512;1.3621;1
20140210 000512;1.3621;1
20140210 000512;1.3621;1
20140210 000512;1.3621;1
20140210 000512;1.3621;1
20140210 000512;1.3621;1
20140210 000512;1.3621;1
20140210 000512;1.3621;1
20140210 000514;1.3621;1
20140210 000514;1.3621;1
20140210 000516;1.3621;1
20140210 000519;1.3621;1
20140210 000521;1.3621;1
20140210 000521;1.3621;1
20140210 000521;1.3621;1
20140210 000521;1.3621;1
20140210 000521;1.3621;1
20140210 000521;1.3621;1
20140210 000521;1.3621;1
20140210 000521;1.3621;1
20140210 000521;1.3621;1
20140210 000521;1.3621;1
20140210 000521;1.3621;1
20140210 000522;1.3621;1
20140210 000522;1.3621;1
20140210 000522;1.3621;1
20140210 000523;1.3621;1
20140210 000526;1.3621;1
20140210 000526;1.3621;1
20140210 000526;1.3621;1
20140210 000526;1.3621;1
20140210 000526;1.3621;1
20140210 000533;1.3621;1
20140210 000534;1.3621;1
20140210 000536;1.3621;1
20140210 000537;1.3621;1
20140210 000548;1.3621;1
20140210 000548;1.3621;1
20140210 000548;1.3622;1
20140210 000548;1.3622;1
20140210 000548;1.3622;1
20140210 000552;1.3622;1
20140210 000552;1.3622;1
20140210 000552;1.3622;1
20140210 000552;1.3622;1
20140210 000552;1.3622;1
20140210 000552;1.3622;1
20140210 000553;1.3622;1
20140210 000553;1.3622;1
20140210 000601;1.3622;1
20140210 000606;1.3622;1
20140210 000607;1.3622;1
20140210 000607;1.3622;1
20140210 000607;1.3622;1
20140210 000607;1.3622;1
20140210 000607;1.3622;1
20140210 000610;1.3622;1
20140210 000631;1.3622;1
20140210 000631;1.3622;1
20140210 000632;1.3622;1
20140210 000632;1.3622;1
20140210 000632;1.3622;1
20140210 000632;1.3622;1
20140210 000632;1.3622;1
20140210 000633;1.3622;1
20140210 000635;1.3622;1
20140210 000637;1.3622;1
20140210 000637;1.3622;1
20140210 000637;1.3622;1
20140210 000640;1.3622;1
20140210 000702;1.3622;1
20140210 000702;1.3622;1
20140210 000722;1.3622;1
20140210 000729;1.3622;1
20140210 000729;1.3622;1
20140210 000729;1.3622;1
20140210 000729;1.3622;1
20140210 000731;1.3622;1
20140210 000738;1.3622;1
20140210 000745;1.3622;1
20140210 000745;1.3622;1
20140210 000745;1.3622;1
20140210 000745;1.3622;1
20140210 000746;1.3622;1
20140210 000805;1.3622;1
20140210 000805;1.3622;1
20140210 000813;1.3622;1
20140210 000813;1.3622;1
20140210 000816;1.3622;1
20140210 000816;1.3622;1
20140210 000816;1.3622;1
20140210 000816;1.3622;1
20140210 000816;1.3622;1
20140210 000816;1.3622;1
20140210 000817;1.3622;1
20140210 000817;1.3622;1
20140210 000817;1.3622;1
20140210 000817;1.3622;1
20140210 000821;1.3622;1
20140210 000821;1.3622;1
20140210 000821;1.3622;1
20140210 000821;1.3622;1
20140210 000821;1.3622;1
20140210 000821;1.3622;1
20140210 000821;1.3623;1
20140210 000823;1.3622;1
20140210 000826;1.3622;1
20140210 000826;1.3623;1
20140210 000826;1.3623;1
20140210 000826;1.3623;1
20140210 000826;1.3623;1
20140210 000826;1.3623;1
20140210 000826;1.3623;1
20140210 000826;1.3623;1
20140210 000826;1.3623;1
20140210 000826;1.3623;1
20140210 000831;1.3623;1
20140210 000831;1.3623;1
20140210 000831;1.3623;1
20140210 000831;1.3624;1
20140210 000831;1.3624;1
20140210 000831;1.3624;1
20140210 000831;1.3624;1
20140210 000831;1.3624;1
20140210 000831;1.3623;1
20140210 000831;1.3623;1
20140210 000831;1.3623;1
20140210 000831;1.3623;1
20140210 000831;1.3623;1
20140210 000831;1.3623;1
20140210 000831;1.3623;1
20140210 000831;1.3623;1
20140210 000832;1.3623;1
20140210 000832;1.3623;1
20140210 000835;1.3623;1
20140210 000835;1.3623;1
20140210 000835;1.3623;1
20140210 000835;1.3623;1
20140210 000835;1.3622;1
20140210 000835;1.3622;1
20140210 000835;1.3622;1
20140210 000835;1.3622;1
20140210 000835;1.3622;1
20140210 000836;1.3622;1
20140210 000836;1.3622;1
20140210 000836;1.3622;1
20140210 000836;1.3622;1
20140210 000841;1.3622;1
20140210 000842;1.3622;1
20140210 000848;1.3622;1
20140210 000848;1.3623;1
20140210 000848;1.3623;1
20140210 000902;1.3623;1
20140210 000912;1.3623;1
20140210 000921;1.3623;1
20140210 000923;1.3623;1
20140210 000937;1.3623;1
20140210 000937;1.3623;1
20140210 000937;1.3623;1
20140210 000937;1.3623;1
20140210 000937;1.3623;1
20140210 000937;1.3623;1
20140210 000937;1.3623;1
20140210 000937;1.3623;1
20140210 000937;1.3624;1
20140210 000957;1.3624;1
20140210 000957;1.3624;1
20140210 000957;1.3624;1
20140210 000957;1.3624;1
20140210 000957;1.3624;1
20140210 000958;1.3624;1
20140210 000958;1.3624;1
20140210 000958;1.3624;1
20140210 001009;1.3624;1
20140210 001009;1.3625;1
20140210 001010;1.3624;1
20140210 001015;1.3624;1
20140210 001015;1.3624;1
20140210 001015;1.3624;1
20140210 001015;1.3624;1
20140210 001015;1.3624;1
20140210 001024;1.3624;1
20140210 001029;1.3624;1
20140210 001033;1.3624;1
20140210 001034;1.3624;1
20140210 001034;1.3624;1
20140210 001034;1.3624;1
20140210 001034;1.3624;1
20140210 001034;1.3624;1
20140210 001034;1.3624;1
20140210 001034;1.3624;1
20140210 001034;1.3624;1
20140210 001034;1.3624;1
20140210 001034;1.3624;1
20140210 001034;1.3624;1
20140210 001034;1.3624;1
20140210 001035;1.3624;1
20140210 001040;1.3624;1
20140210 001040;1.3624;1
20140210 001040;1.3624;1
20140210 001040;1.3624;1
20140210 001040;1.3624;1
20140210 001051;1.3624;1
20140210 001051;1.3624;1
20140210 001058;1.3624;1
20140210 001058;1.3624;1
20140210 001058;1.3624;1
20140210 001058;1.3623;1
20140210 001058;1.3623;1
20140210 001058;1.3623;1
20140210 001059;1.3623;1
20140210 001059;1.3623;1
20140210 001059;1.3623;1
20140210 001119;1.3623;1
20140210 001148;1.3623;1
20140210 001210;1.3623;1
20140210 001210;1.3623;1
20140210 001210;1.3623;1
20140210 001210;1.3623;1
20140210 001210;1.3623;1
20140210 001210;1.3623;1
20140210 001210;1.3623;1
20140210 001218;1.3623;1
20140210 001218;1.3623;1
20140210 001221;1.3623;1
20140210 001222;1.3623;1
20140210 001228;1.3623;1
20140210 001228;1.3623;1
20140210 001228;1.3623;1
20140210 001228;1.3623;1
20140210 001228;1.3623;1
20140210 001229;1.3623;1
20140210 001231;1.3623;1
20140210 001231;1.3623;1
20140210 001232;1.3623;1
20140210 001234;1.3623;1
20140210 001234;1.3623;1
20140210 001234;1.3623;1
20140210 001234;1.3623;1
20140210 001234;1.3623;1
20140210 001234;1.3623;1
20140210 001234;1.3623;1
20140210 001234;1.3623;1
20140210 001234;1.3624;1
20140210 001234;1.3624;1
20140210 001235;1.3624;1
20140210 001236;1.3624;1
20140210 001240;1.3623;1
20140210 001240;1.3623;1
20140210 001240;1.3623;1
20140210 001246;1.3624;1
20140210 001246;1.3624;1
20140210 001246;1.3624;1
20140210 001246;1.3624;1
20140210 001246;1.3624;1
20140210 001246;1.3624;1
20140210 001246;1.3624;1
20140210 001246;1.3624;1
20140210 001246;1.3624;1
20140210 001246;1.3624;1
20140210 001246;1.3624;1
20140210 001246;1.3624;1
20140210 001247;1.3624;1
20140210 001252;1.3624;1
20140210 001252;1.3624;1
20140210 001301;1.3624;1
20140210 001334;1.3624;1
20140210 001337;1.3624;1
20140210 001337;1.3624;1
20140210 001340;1.3624;1
20140210 001340;1.3624;1
20140210 001340;1.3624;1
20140210 001340;1.3624;1
20140210 001355;1.3624;1
20140210 001356;1.3624;1
20140210 001358;1.3624;1
20140210 001358;1.3624;1
20140210 001358;1.3624;1
20140210 001358;1.3624;1
20140210 001358;1.3624;1
20140210 001359;1.3624;1
20140210 001359;1.3624;1
20140210 001400;1.3624;1
20140210 001402;1.3624;1
20140210 001402;1.3624;1
20140210 001405;1.3624;1
20140210 001405;1.3624;1
20140210 001405;1.3624;1
20140210 001405;1.3624;1
20140210 001406;1.3624;1
20140210 001416;1.3624;1
20140210 001416;1.3624;1
20140210 001419;1.3624;1
20140210 001419;1.3624;1
20140210 001419;1.3623;1
20140210 001420;1.3623;1
20140210 001420;1.3623;1
20140210 001420;1.3624;1
20140210 001420;1.3624;1
20140210 001420;1.3624;1
20140210 001420;1.3623;1
20140210 001420;1.3623;1
20140210 001420;1.3623;1
20140210 001420;1.3623;1
20140210 001420;1.3623;1
20140210 001420;1.3623;1
20140210 001420;1.3623;1
20140210 001420;1.3623;1
20140210 001420;1.3623;1
20140210 001420;1.3623;1
20140210 001420;1.3623;1
20140210 001420;1.3623;1
20140210 001420;1.3623;1
20140210 001421;1.3623;1
20140210 001421;1.3623;1
20140210 001421;1.3623;1
20140210 001421;1.3623;1
20140210 001421;1.3623;1
20140210 001421;1.3623;1
20140210 001423;1.3623;1
20140210 001423;1.3623;1
20140210 001426;1.3623;1
20140210 001426;1.3623;1
20140210 001426;1.3623;1
20140210 001426;1.3623;1
20140210 001426;1.3622;1
20140210 001426;1.3622;1
20140210 001426;1.3622;1
20140210 001426;1.3622;1
20140210 001426;1.3622;1
20140210 001426;1.3622;1
20140210 001426;1.3622;1
20140210 001428;1.3622;1
20140210 001428;1.3622;1
20140210 001428;1.3622;1
20140210 001428;1.3622;1
20140210 001428;1.3622;1
20140210 001428;1.3622;1
20140210 001428;1.3622;1
20140210 001429;1.3622;1
20140210 001430;1.3622;1
20140210 001430;1.3621;1
20140210 001430;1.3621;1
20140210 001430;1.3621;1
20140210 001430;1.3621;1
20140210 001430;1.3621;1
20140210 001430;1.3621;1
20140210 001430;1.3621;1
20140210 001430;1.3621;1
20140210 001430;1.3621;1
20140210 001431;1.3621;1
20140210 001431;1.3621;1
20140210 001431;1.3621;1
20140210 001431;1.3621;1
20140210 001432;1.3621;1
20140210 001432;1.3621;1
20140210 001432;1.3621;1
20140210 001432;1.3621;1
20140210 001432;1.3621;1
20140210 001432;1.3621;1
20140210 001432;1.3621;1
20140210 001432;1.3621;1
20140210 001432;1.3622;1
20140210 001436;1.3622;1
20140210 001438;1.3621;1
20140210 001438;1.3621;1
20140210 001438;1.3621;1
20140210 001438;1.3621;1
20140210 001438;1.3621;1
20140210 001439;1.3621;1
20140210 001439;1.3621;1
20140210 001439;1.3621;1
20140210 001439;1.3621;1
20140210 001439;1.3621;1
20140210 001439;1.3621;1
20140210 001439;1.3621;1
20140210 001439;1.3621;1
20140210 001439;1.3621;1
20140210 001439;1.3621;1
20140210 001439;1.3621;1
20140210 001439;1.3621;1
20140210 001439;1.3621;1
20140210 001439;1.3621;1
20140210 001439;1.3621;1
20140210 001439;1.3621;1
20140210 001439;1.3621;1
20140210 001439;1.3621;1
20140210 001439;1.3621;1
20140210 001439;1.3621;1
20140210 001439;1.3622;1
20140210 001440;1.3621;1
20140210 001440;1.3621;1
20140210 001440;1.3621;1
20140210 001440;1.3621;1
20140210 001440;1.3621;1
20140210 001440;1.3621;1
20140210 001440;1.3621;1
20140210 001440;1.3622;1
20140210 001440;1.3622;1
20140210 001440;1.3621;1
20140210 001440;1.3621;1
20140210 001440;1.3621;1
20140210 001440;1.3621;1
20140210 001440;1.3621;1
20140210 001440;1.3621;1
20140210 001440;1.3621;1
20140210 001440;1.3621;1
20140210 001441;1.3621;1
20140210 001441;1.3621;1
20140210 001441;1.3621;1
20140210 001445;1.3621;1
20140210 001445;1.3621;1
20140210 001446;1.3621;1
20140210 001446;1.3621;1
20140210 001447;1.3621;1
20140210 001447;1.3621;1
20140210 001447;1.3621;1
20140210 001448;1.3621;1
20140210 001448;1.3621;1
20140210 001448;1.3621;1
20140210 001448;1.3621;1
20140210 001448;1.3621;1
20140210 001448;1.3621;1
20140210 001449;1.3622;1
20140210 001449;1.3622;1
20140210 001449;1.3622;1
20140210 001452;1.3622;1
20140210 001452;1.3622;1
20140210 001452;1.3622;1
20140210 001452;1.3622;1
20140210 001452;1.3622;1
20140210 001452;1.3622;1
20140210 001452;1.3622;1
20140210 001452;1.3622;1
20140210 001452;1.3622;1
20140210 001452;1.3622;1
20140210 001452;1.3623;1
20140210 001452;1.3622;1
20140210 001452;1.3623;1
20140210 001453;1.3623;1
20140210 001453;1.3623;1
20140210 001455;1.3623;1
20140210 001456;1.3623;1
20140210 001456;1.3623;1
20140210 001510;1.3623;1
20140210 001510;1.3623;1
20140210 001510;1.3623;1
20140210 001510;1.3623;1
20140210 001510;1.3623;1
20140210 001510;1.3623;1
20140210 001510;1.3623;1
20140210 001510;1.3623;1
20140210 001510;1.3623;1
20140210 001510;1.3623;1
20140210 001514;1.3623;1
20140210 001514;1.3623;1
20140210 001515;1.3623;1
20140210 001515;1.3623;1
20140210 001515;1.3623;1
20140210 001515;1.3623;1
20140210 001519;1.3623;1
20140210 001519;1.3623;1
20140210 001519;1.3623;1
20140210 001519;1.3622;1
20140210 001519;1.3622;1
20140210 001519;1.3622;1
20140210 001520;1.3622;1
20140210 001531;1.3622;1
20140210 001532;1.3622;1
20140210 001534;1.3622;1
20140210 001536;1.3622;1
20140210 001536;1.3622;1
20140210 001536;1.3622;1
20140210 001537;1.3622;1
20140210 001537;1.3622;1
20140210 001537;1.3622;1
20140210 001537;1.3622;1
20140210 001537;1.3622;1
20140210 001537;1.3622;1
20140210 001537;1.3622;1
20140210 001541;1.3622;1
20140210 001541;1.3622;1
20140210 001542;1.3622;1
20140210 001543;1.3622;1
20140210 001550;1.3622;1
20140210 001553;1.3622;1
20140210 001557;1.3622;1
20140210 001558;1.3622;1
20140210 001601;1.3622;1
20140210 001601;1.3622;1
20140210 001602;1.3622;1
20140210 001602;1.3622;1
20140210 001603;1.3622;1
20140210 001603;1.3622;1
20140210 001603;1.3622;1
20140210 001605;1.3622;1
20140210 001605;1.3622;1
20140210 001605;1.3622;1
20140210 001609;1.3622;1
20140210 001609;1.3622;1
20140210 001611;1.3622;1
20140210 001613;1.3622;1
20140210 001617;1.3622;1
20140210 001620;1.3622;1
20140210 001620;1.3622;1
20140210 001620;1.3622;1
20140210 001620;1.3622;1
20140210 001621;1.3622;1
20140210 001621;1.3622;1
20140210 001621;1.3622;1
20140210 001621;1.3622;1
20140210 001621;1.3622;1
20140210 001621;1.3622;1
20140210 001621;1.3622;1
20140210 001621;1.3622;1
20140210 001621;1.3622;1
20140210 001621;1.3622;1
20140210 001621;1.3622;1
20140210 001621;1.3622;1
20140210 001621;1.3622;1
20140210 001621;1.3622;1
20140210 001621;1.3622;1
20140210 001621;1.3622;1
20140210 001621;1.3622;1
20140210 001621;1.3622;1
20140210 001622;1.3622;1
20140210 001622;1.3622;1
20140210 001623;1.3622;1
20140210 001633;1.3622;1
20140210 001636;1.3622;1
20140210 001640;1.3622;1
20140210 001640;1.3622;1
20140210 001641;1.3622;1
20140210 001641;1.3622;1
20140210 001641;1.3622;1
20140210 001650;1.3622;1
20140210 001651;1.3622;1
20140210 001651;1.3622;1
20140210 001652;1.3622;1
20140210 001652;1.3622;1
20140210 001706;1.3622;1
20140210 001707;1.3622;1
20140210 001707;1.3622;1
20140210 001707;1.3622;1
20140210 001708;1.3622;1
20140210 001708;1.3622;1
20140210 001708;1.3622;1
20140210 001713;1.3622;1
20140210 001713;1.3622;1
20140210 001713;1.3622;1
20140210 001714;1.3622;1
20140210 001714;1.3622;1
20140210 001714;1.3622;1
20140210 001715;1.3622;1
20140210 001715;1.3622;1
20140210 001716;1.3622;1
20140210 001716;1.3622;1
20140210 001721;1.3622;1
20140210 001733;1.3622;1
20140210 001736;1.3622;1
20140210 001736;1.3622;1
20140210 001736;1.3622;1
20140210 001749;1.3622;1
20140210 001749;1.3622;1
20140210 001749;1.3623;1
20140210 001749;1.3623;1
20140210 001749;1.3623;1
20140210 001749;1.3623;1
20140210 001749;1.3623;1
20140210 001749;1.3623;1
20140210 001749;1.3623;1
20140210 001749;1.3623;1
20140210 001749;1.3623;1
20140210 001750;1.3623;1
20140210 001750;1.3623;1
20140210 001750;1.3623;1
20140210 001750;1.3623;1
20140210 001750;1.3623;1
20140210 001750;1.3623;1
20140210 001750;1.3623;1
20140210 001750;1.3623;1
20140210 001750;1.3623;1
20140210 001750;1.3623;1
20140210 001750;1.3623;1
20140210 001750;1.3623;1
20140210 001751;1.3623;1
20140210 001759;1.3623;1
20140210 001759;1.3623;1
20140210 001759;1.3623;1
20140210 001759;1.3623;1
20140210 001800;1.3623;1
20140210 001803;1.3623;1
20140210 001803;1.3623;1
20140210 001803;1.3623;1
20140210 001803;1.3623;1
20140210 001803;1.3623;1
20140210 001803;1.3623;1
20140210 001803;1.3623;1
20140210 001805;1.3623;1
20140210 001805;1.3623;1
20140210 001805;1.3623;1
20140210 001811;1.3623;1
20140210 001815;1.3623;1
20140210 001824;1.3623;1
20140210 001830;1.3623;1
20140210 001840;1.3622;1
20140210 001840;1.3622;1
20140210 001840;1.3622;1
20140210 001840;1.3622;1
20140210 001840;1.3622;1
20140210 001840;1.3622;1
20140210 001841;1.3622;1
20140210 001841;1.3622;1
20140210 001844;1.3622;1
20140210 001844;1.3622;1
20140210 001844;1.3622;1
20140210 001850;1.3622;1
20140210 001852;1.3622;1
20140210 001852;1.3622;1
20140210 001853;1.3622;1
20140210 001853;1.3622;1
20140210 001853;1.3622;1
20140210 001853;1.3622;1
20140210 001853;1.3622;1
20140210 001853;1.3622;1
20140210 001853;1.3622;1
20140210 001853;1.3622;1
20140210 001853;1.3622;1
20140210 001853;1.3622;1
20140210 001854;1.3623;1
20140210 001900;1.3622;1
20140210 001900;1.3622;1
20140210 001900;1.3623;1
20140210 001900;1.3623;1
20140210 001901;1.3622;1
20140210 001901;1.3622;1
20140210 001901;1.3622;1
20140210 001902;1.3623;1
20140210 001903;1.3622;1
20140210 001903;1.3623;1
20140210 001903;1.3623;1
20140210 001904;1.3623;1
20140210 001905;1.3623;1
20140210 001905;1.3623;1
20140210 001905;1.3623;1
20140210 001905;1.3623;1
20140210 001905;1.3623;1
20140210 001905;1.3623;1
20140210 001905;1.3623;1
20140210 001905;1.3623;1
20140210 001905;1.3623;1
20140210 001905;1.3623;1
20140210 001905;1.3623;1
20140210 001905;1.3623;1
20140210 001905;1.3623;1
20140210 001905;1.3623;1
20140210 001905;1.3623;1
20140210 001905;1.3623;1
20140210 001905;1.3623;1
20140210 001905;1.3623;1
20140210 001905;1.3623;1
20140210 001905;1.3623;1
20140210 001906;1.3623;1
20140210 001906;1.3623;1
20140210 001915;1.3623;1
20140210 001915;1.3622;1
20140210 001915;1.3622;1
20140210 001915;1.3622;1
20140210 001915;1.3622;1
20140210 001915;1.3622;1
20140210 001915;1.3622;1
20140210 001915;1.3622;1
20140210 001915;1.3622;1
20140210 001915;1.3622;1
20140210 001915;1.3622;1
20140210 001916;1.3622;1
20140210 001916;1.3622;1
20140210 001916;1.3622;1
20140210 001916;1.3622;1
20140210 001916;1.3622;1
20140210 001916;1.3622;1
20140210 001916;1.3622;1
20140210 001916;1.3622;1
20140210 001916;1.3622;1
20140210 001931;1.3622;1
20140210 001931;1.3622;1
20140210 001937;1.3622;1
20140210 001938;1.3622;1
20140210 001954;1.3622;1
20140210 001954;1.3622;1
20140210 001954;1.3622;1
20140210 001956;1.3622;1
20140210 001956;1.3622;1
20140210 001956;1.3622;1
20140210 002030;1.3622;1
20140210 002030;1.3622;1
20140210 002030;1.3622;1
20140210 002030;1.3622;1
20140210 002030;1.3622;1
20140210 002030;1.3622;1
20140210 002030;1.3623;1
20140210 002031;1.3622;1
20140210 002031;1.3623;1
20140210 002032;1.3622;1
20140210 002032;1.3622;1
20140210 002032;1.3622;1
20140210 002032;1.3622;1
20140210 002032;1.3622;1
20140210 002032;1.3622;1
20140210 002033;1.3622;1
20140210 002038;1.3622;1
20140210 002039;1.3622;1
20140210 002048;1.3622;1
20140210 002049;1.3622;1
20140210 002049;1.3622;1
20140210 002050;1.3622;1
20140210 002050;1.3623;1
20140210 002050;1.3623;1
20140210 002050;1.3623;1
20140210 002050;1.3623;1
20140210 002051;1.3623;1
20140210 002051;1.3623;1
20140210 002052;1.3623;1
20140210 002052;1.3623;1
20140210 002052;1.3623;1
20140210 002052;1.3622;1
20140210 002052;1.3622;1
20140210 002052;1.3622;1
20140210 002052;1.3622;1
20140210 002052;1.3622;1
20140210 002052;1.3622;1
20140210 002053;1.3622;1
20140210 002053;1.3622;1
20140210 002053;1.3622;1
20140210 002053;1.3622;1
20140210 002053;1.3622;1
20140210 002053;1.3622;1
20140210 002053;1.3622;1
20140210 002053;1.3623;1
20140210 002053;1.3623;1
20140210 002053;1.3623;1
20140210 002054;1.3623;1
20140210 002056;1.3623;1
20140210 002056;1.3623;1
20140210 002056;1.3623;1
20140210 002056;1.3623;1
20140210 002056;1.3622;1
20140210 002056;1.3622;1
20140210 002056;1.3622;1
20140210 002056;1.3622;1
20140210 002057;1.3622;1
20140210 002057;1.3622;1
20140210 002057;1.3622;1
20140210 002057;1.3622;1
20140210 002057;1.3622;1
20140210 002057;1.3623;1
20140210 002057;1.3623;1
20140210 002058;1.3623;1
20140210 002058;1.3623;1
20140210 002059;1.3623;1
20140210 002059;1.3623;1
20140210 002059;1.3623;1
20140210 002059;1.3623;1
20140210 002059;1.3623;1
20140210 002119;1.3623;1
20140210 002119;1.3623;1
20140210 002123;1.3623;1
20140210 002123;1.3623;1
20140210 002123;1.3623;1
20140210 002123;1.3623;1
20140210 002123;1.3623;1
20140210 002125;1.3623;1
20140210 002125;1.3623;1
20140210 002125;1.3623;1
20140210 002125;1.3622;1
20140210 002126;1.3623;1
20140210 002126;1.3623;1
20140210 002126;1.3623;1
20140210 002126;1.3623;1
20140210 002126;1.3623;1
20140210 002126;1.3623;1
20140210 002126;1.3622;1
20140210 002126;1.3622;1
20140210 002126;1.3622;1
20140210 002126;1.3622;1
20140210 002128;1.3622;1
20140210 002128;1.3622;1
20140210 002128;1.3622;1
20140210 002128;1.3622;1
20140210 002128;1.3622;1
20140210 002130;1.3622;1
20140210 002130;1.3622;1
20140210 002130;1.3622;1
20140210 002130;1.3622;1
20140210 002130;1.3622;1
20140210 002130;1.3622;1
20140210 002130;1.3622;1
20140210 002130;1.3622;1
20140210 002133;1.3622;1
20140210 002136;1.3622;1
20140210 002200;1.3622;1
20140210 002208;1.3622;1
20140210 002208;1.3622;1
20140210 002208;1.3622;1
20140210 002208;1.3622;1
20140210 002208;1.3622;1
20140210 002209;1.3622;1
20140210 002209;1.3623;1
20140210 002217;1.3622;1
20140210 002221;1.3622;1
20140210 002221;1.3622;1
20140210 002222;1.3622;1
20140210 002222;1.3622;1
20140210 002222;1.3622;1
20140210 002222;1.3622;1
20140210 002231;1.3622;1
20140210 002231;1.3622;1
20140210 002231;1.3622;1
20140210 002231;1.3622;1
20140210 002231;1.3622;1
20140210 002231;1.3622;1
20140210 002231;1.3622;1
20140210 002232;1.3622;1
20140210 002232;1.3622;1
20140210 002232;1.3622;1
20140210 002232;1.3622;1
20140210 002232;1.3622;1
20140210 002232;1.3622;1
20140210 002232;1.3622;1
20140210 002232;1.3623;1
20140210 002232;1.3623;1
20140210 002233;1.3623;1
20140210 002233;1.3623;1
20140210 002233;1.3623;1
20140210 002242;1.3623;1
20140210 002253;1.3623;1
20140210 002256;1.3623;1
20140210 002409;1.3623;1
20140210 002448;1.3623;1
20140210 002452;1.3623;1
20140210 002459;1.3623;1
20140210 002508;1.3623;1
20140210 002508;1.3623;1
20140210 002508;1.3622;1
20140210 002508;1.3622;1
20140210 002508;1.3622;1
20140210 002508;1.3622;1
20140210 002508;1.3622;1
20140210 002510;1.3622;1
20140210 002510;1.3622;1
20140210 002510;1.3622;1
20140210 002510;1.3622;1
20140210 002510;1.3622;1
20140210 002510;1.3622;1
20140210 002518;1.3622;1
20140210 002518;1.3622;1
20140210 002523;1.3622;1
20140210 002527;1.3621;1
20140210 002527;1.3621;1
20140210 002527;1.3621;1
20140210 002527;1.3621;1
20140210 002527;1.3621;1
20140210 002527;1.3621;1
20140210 002527;1.3622;1
20140210 002541;1.3621;1
20140210 002610;1.3621;1
20140210 002611;1.3621;1
20140210 002611;1.3621;1
20140210 002612;1.3621;1
20140210 002612;1.3621;1
20140210 002612;1.3621;1
20140210 002612;1.3621;1
20140210 002612;1.3621;1
20140210 002612;1.3621;1
20140210 002612;1.3621;1
20140210 002612;1.3621;1
20140210 002615;1.3621;1
20140210 002615;1.3621;1
20140210 002615;1.3621;1
20140210 002615;1.3621;1
20140210 002615;1.3621;1
20140210 002615;1.3621;1
20140210 002615;1.3621;1
20140210 002616;1.3621;1
20140210 002616;1.3621;1
20140210 002616;1.3621;1
20140210 002618;1.3621;1
20140210 002618;1.3621;1
20140210 002618;1.3621;1
20140210 002618;1.3621;1
20140210 002621;1.362;1
20140210 002621;1.362;1
20140210 002625;1.362;1
20140210 002625;1.3621;1
20140210 002635;1.3621;1
20140210 002635;1.3621;1
20140210 002636;1.3621;1
20140210 002641;1.3621;1
20140210 002644;1.3621;1
20140210 002644;1.3621;1
20140210 002654;1.3621;1
20140210 002656;1.3621;1
20140210 002656;1.3621;1
20140210 002656;1.3621;1
20140210 002656;1.3621;1
20140210 002656;1.3621;1
20140210 002657;1.3621;1
20140210 002704;1.3621;1
20140210 002704;1.3621;1
20140210 002704;1.3621;1
20140210 002711;1.3621;1
20140210 002711;1.3621;1
20140210 002712;1.3621;1
20140210 002712;1.3621;1
20140210 002712;1.3621;1
20140210 002715;1.3621;1
20140210 002715;1.3621;1
20140210 002715;1.3621;1
20140210 002715;1.3621;1
20140210 002715;1.3621;1
20140210 002715;1.3621;1
20140210 002715;1.3622;1
20140210 002715;1.3622;1
20140210 002715;1.3622;1
20140210 002727;1.3622;1
20140210 002733;1.3622;1
20140210 002736;1.3622;1
20140210 002737;1.3622;1
20140210 002744;1.3622;1
20140210 002744;1.3622;1
20140210 002745;1.3622;1
20140210 002747;1.3622;1
20140210 002748;1.3622;1
20140210 002748;1.3622;1
20140210 002748;1.3622;1
20140210 002748;1.3622;1
20140210 002749;1.3622;1
20140210 002749;1.3622;1
20140210 002749;1.3622;1
20140210 002749;1.3622;1
20140210 002753;1.3622;1
20140210 002800;1.3622;1
20140210 002806;1.3622;1
20140210 002806;1.3622;1
20140210 002806;1.3622;1
20140210 002808;1.3622;1
20140210 002839;1.3622;1
20140210 002839;1.3622;1
20140210 002839;1.3622;1
20140210 002839;1.3622;1
20140210 002839;1.3622;1
20140210 002840;1.3622;1
20140210 002840;1.3622;1
20140210 002840;1.3622;1
20140210 002840;1.3623;1
20140210 002840;1.3622;1
20140210 002840;1.3622;1
20140210 002840;1.3622;1
20140210 002840;1.3622;1
20140210 002840;1.3622;1
20140210 002840;1.3623;1
20140210 002840;1.3622;1
20140210 002840;1.3622;1
20140210 002841;1.3622;1
20140210 002842;1.3622;1
20140210 002842;1.3623;1
20140210 002842;1.3623;1
20140210 002842;1.3623;1
20140210 002842;1.3623;1
20140210 002842;1.3623;1
20140210 002900;1.3623;1
20140210 002911;1.3623;1
20140210 002911;1.3622;1
20140210 002911;1.3622;1
20140210 002911;1.3622;1
20140210 002911;1.3622;1
20140210 002911;1.3622;1
20140210 002911;1.3622;1
20140210 002912;1.3622;1
20140210 002912;1.3622;1
20140210 002912;1.3622;1
20140210 002912;1.3623;1
20140210 002912;1.3623;1
20140210 002912;1.3623;1
20140210 002912;1.3623;1
20140210 002915;1.3623;1
20140210 002918;1.3623;1
20140210 002922;1.3623;1
20140210 002922;1.3623;1
20140210 002922;1.3623;1
20140210 002922;1.3623;1
20140210 002922;1.3623;1
20140210 002922;1.3623;1
20140210 002922;1.3623;1
20140210 002922;1.3623;1
20140210 002922;1.3623;1
20140210 002922;1.3623;1
20140210 002928;1.3623;1
20140210 002928;1.3623;1
20140210 002928;1.3623;1
20140210 002928;1.3623;1
20140210 002928;1.3623;1
20140210 002928;1.3624;1
20140210 002928;1.3624;1
20140210 002928;1.3624;1
20140210 002928;1.3623;1
20140210 002928;1.3624;1
20140210 002944;1.3624;1
20140210 002954;1.3624;1
20140210 002954;1.3624;1
20140210 002954;1.3624;1
20140210 002955;1.3624;1
20140210 002955;1.3624;1
20140210 002956;1.3624;1
20140210 002957;1.3624;1
20140210 003003;1.3624;1
20140210 003004;1.3623;1
20140210 003004;1.3624;1
20140210 003004;1.3624;1
20140210 003008;1.3624;1
20140210 003009;1.3624;1
20140210 003009;1.3624;1
20140210 003011;1.3624;1
20140210 003015;1.3624;1
20140210 003015;1.3624;1
20140210 003015;1.3624;1
20140210 003015;1.3624;1
20140210 003021;1.3624;1
20140210 003021;1.3624;1
20140210 003021;1.3623;1
20140210 003021;1.3623;1
20140210 003021;1.3623;1
20140210 003021;1.3623;1
20140210 003022;1.3623;1
20140210 003022;1.3623;1
20140210 003022;1.3623;1
20140210 003022;1.3623;1
20140210 003022;1.3623;1
20140210 003022;1.3623;1
20140210 003022;1.3623;1
20140210 003022;1.3623;1
20140210 003022;1.3623;1
20140210 003022;1.3623;1
20140210 003023;1.3623;1
20140210 003023;1.3623;1
20140210 003024;1.3623;1
20140210 003024;1.3623;1
20140210 003024;1.3623;1
20140210 003024;1.3623;1
20140210 003024;1.3623;1
20140210 003027;1.3623;1
20140210 003027;1.3623;1
