20140209 220006;102.55;1
20140209 220006;102.55;1
20140209 220006;102.55;1
20140209 220010;102.55;1
20140209 220010;102.55;1
20140209 220010;102.55;1
20140209 220011;102.55;1
20140209 220013;102.55;1
20140209 220013;102.55;1
20140209 220013;102.55;1
20140209 220022;102.55;1
20140209 220022;102.55;1
20140209 220023;102.55;1
20140209 220023;102.54;1
20140209 220024;102.54;1
20140209 220025;102.54;1
20140209 220026;102.54;1
20140209 220026;102.54;1
20140209 220033;102.54;1
20140209 220033;102.54;1
20140209 220034;102.54;1
20140209 220041;102.56;1
20140209 220041;102.56;1
20140209 220041;102.56;1
20140209 220044;102.54;1
20140209 220044;102.54;1
20140209 220044;102.54;1
20140209 220044;102.54;1
20140209 220044;102.55;1
20140209 220044;102.56;1
20140209 220046;102.54;1
20140209 220046;102.54;1
20140209 220046;102.53;1
20140209 220049;102.55;1
20140209 220049;102.55;1
20140209 220049;102.56;1
20140209 220049;102.54;1
20140209 220049;102.54;1
20140209 220049;102.54;1
20140209 220049;102.53;1
20140209 220049;102.53;1
20140209 220049;102.53;1
20140209 220056;102.52;1
20140209 220056;102.52;1
20140209 220056;102.52;1
20140209 220056;102.53;1
20140209 220058;102.53;1
20140209 220058;102.52;1
20140209 220058;102.52;1
20140209 220100;102.52;1
20140209 220100;102.52;1
20140209 220100;102.52;1
20140209 220100;102.52;1
20140209 220100;102.52;1
20140209 220100;102.52;1
20140209 220103;102.52;1
20140209 220104;102.52;1
20140209 220104;102.52;1
20140209 220105;102.52;1
20140209 220105;102.52;1
20140209 220105;102.52;1
20140209 220109;102.52;1
20140209 220114;102.52;1
20140209 220115;102.52;1
20140209 220116;102.52;1
20140209 220116;102.52;1
20140209 220116;102.52;1
20140209 220116;102.52;1
20140209 220117;102.52;1
20140209 220117;102.53;1
20140209 220117;102.52;1
20140209 220117;102.52;1
20140209 220117;102.53;1
20140209 220119;102.52;1
20140209 220120;102.52;1
20140209 220121;102.52;1
20140209 220126;102.52;1
20140209 220133;102.52;1
20140209 220133;102.52;1
20140209 220133;102.53;1
20140209 220135;102.53;1
20140209 220135;102.54;1
20140209 220141;102.53;1
20140209 220205;102.53;1
20140209 220205;102.54;1
20140209 220208;102.53;1
20140209 220209;102.53;1
20140209 220209;102.53;1
20140209 220211;102.53;1
20140209 220211;102.56;1
20140209 220211;102.56;1
20140209 220215;102.54;1
20140209 220217;102.53;1
20140209 220217;102.53;1
20140209 220217;102.53;1
20140209 220217;102.55;1
20140209 220217;102.52;1
20140209 220217;102.52;1
20140209 220217;102.52;1
20140209 220217;102.54;1
20140209 220218;102.54;1
20140209 220219;102.54;1
20140209 220219;102.54;1
20140209 220220;102.54;1
20140209 220220;102.54;1
20140209 220220;102.54;1
20140209 220220;102.54;1
20140209 220220;102.54;1
20140209 220220;102.54;1
20140209 220220;102.54;1
20140209 220221;102.54;1
20140209 220222;102.54;1
20140209 220222;102.53;1
20140209 220222;102.54;1
20140209 220222;102.54;1
20140209 220222;102.54;1
20140209 220222;102.54;1
20140209 220222;102.54;1
20140209 220224;102.54;1
20140209 220224;102.53;1
20140209 220224;102.53;1
20140209 220224;102.54;1
20140209 220224;102.54;1
20140209 220226;102.54;1
20140209 220226;102.53;1
20140209 220226;102.53;1
20140209 220226;102.54;1
20140209 220226;102.54;1
20140209 220228;102.54;1
20140209 220228;102.53;1
20140209 220239;102.53;1
20140209 220239;102.53;1
20140209 220239;102.53;1
20140209 220239;102.53;1
20140209 220241;102.53;1
20140209 220241;102.53;1
20140209 220241;102.52;1
20140209 220243;102.52;1
20140209 220244;102.52;1
20140209 220244;102.52;1
20140209 220244;102.53;1
20140209 220244;102.53;1
20140209 220247;102.52;1
20140209 220250;102.52;1
20140209 220252;102.52;1
20140209 220252;102.52;1
20140209 220252;102.52;1
20140209 220252;102.52;1
20140209 220252;102.52;1
20140209 220253;102.52;1
20140209 220257;102.52;1
20140209 220257;102.52;1
20140209 220258;102.52;1
20140209 220259;102.52;1
20140209 220259;102.52;1
20140209 220304;102.52;1
20140209 220305;102.52;1
20140209 220307;102.52;1
20140209 220308;102.52;1
20140209 220309;102.52;1
20140209 220309;102.53;1
20140209 220310;102.53;1
20140209 220312;102.53;1
20140209 220312;102.53;1
20140209 220312;102.53;1
20140209 220312;102.53;1
20140209 220312;102.53;1
20140209 220317;102.53;1
20140209 220318;102.53;1
20140209 220318;102.53;1
20140209 220318;102.53;1
20140209 220318;102.53;1
20140209 220318;102.53;1
20140209 220320;102.53;1
20140209 220328;102.53;1
20140209 220328;102.53;1
20140209 220330;102.53;1
20140209 220330;102.53;1
20140209 220339;102.53;1
20140209 220340;102.52;1
20140209 220354;102.52;1
20140209 220354;102.52;1
20140209 220404;102.52;1
20140209 220412;102.52;1
20140209 220413;102.52;1
20140209 220414;102.52;1
20140209 220414;102.52;1
20140209 220414;102.52;1
20140209 220414;102.52;1
20140209 220414;102.52;1
20140209 220414;102.52;1
20140209 220414;102.52;1
20140209 220416;102.52;1
20140209 220419;102.52;1
20140209 220435;102.52;1
20140209 220439;102.52;1
20140209 220439;102.52;1
20140209 220443;102.52;1
20140209 220444;102.51;1
20140209 220444;102.51;1
20140209 220444;102.51;1
20140209 220444;102.52;1
20140209 220444;102.51;1
20140209 220447;102.52;1
20140209 220449;102.51;1
20140209 220503;102.51;1
20140209 220505;102.51;1
20140209 220505;102.52;1
20140209 220510;102.52;1
20140209 220517;102.51;1
20140209 220526;102.51;1
20140209 220531;102.51;1
20140209 220536;102.51;1
20140209 220537;102.51;1
20140209 220537;102.51;1
20140209 220538;102.51;1
20140209 220540;102.51;1
20140209 220540;102.51;1
20140209 220543;102.51;1
20140209 220544;102.51;1
20140209 220544;102.51;1
20140209 220546;102.51;1
20140209 220546;102.51;1
20140209 220547;102.51;1
20140209 220547;102.51;1
20140209 220547;102.51;1
20140209 220547;102.5;1
20140209 220547;102.5;1
20140209 220547;102.5;1
20140209 220556;102.5;1
20140209 220556;102.5;1
20140209 220556;102.5;1
20140209 220556;102.51;1
20140209 220606;102.51;1
20140209 220606;102.51;1
20140209 220606;102.51;1
20140209 220606;102.51;1
20140209 220606;102.51;1
20140209 220606;102.51;1
20140209 220606;102.51;1
20140209 220606;102.51;1
20140209 220606;102.51;1
20140209 220606;102.51;1
20140209 220607;102.51;1
20140209 220613;102.51;1
20140209 220636;102.51;1
20140209 220729;102.51;1
20140209 220754;102.51;1
20140209 220754;102.51;1
20140209 220754;102.51;1
20140209 220754;102.5;1
20140209 220754;102.5;1
20140209 220754;102.5;1
20140209 220756;102.5;1
20140209 220812;102.5;1
20140209 220815;102.5;1
20140209 220816;102.5;1
20140209 220816;102.5;1
20140209 220826;102.5;1
20140209 220831;102.5;1
20140209 220831;102.5;1
20140209 220831;102.5;1
20140209 220831;102.5;1
20140209 220831;102.51;1
20140209 220838;102.5;1
20140209 220839;102.5;1
20140209 220853;102.51;1
20140209 220853;102.5;1
20140209 220917;102.5;1
20140209 220917;102.5;1
20140209 220927;102.5;1
20140209 220927;102.5;1
20140209 220937;102.5;1
20140209 220937;102.5;1
20140209 220937;102.49;1
20140209 220942;102.48;1
20140209 220942;102.48;1
20140209 220942;102.48;1
20140209 220942;102.48;1
20140209 220942;102.47;1
20140209 220942;102.47;1
20140209 220942;102.47;1
20140209 220944;102.47;1
20140209 220944;102.47;1
20140209 220944;102.47;1
20140209 220946;102.47;1
20140209 220946;102.48;1
20140209 220946;102.48;1
20140209 220946;102.48;1
20140209 220946;102.48;1
20140209 220947;102.48;1
20140209 220947;102.48;1
20140209 220947;102.48;1
20140209 220947;102.48;1
20140209 221000;102.48;1
20140209 221002;102.48;1
20140209 221002;102.48;1
20140209 221002;102.48;1
20140209 221002;102.48;1
20140209 221003;102.48;1
20140209 221003;102.48;1
20140209 221003;102.49;1
20140209 221003;102.48;1
20140209 221003;102.47;1
20140209 221003;102.47;1
20140209 221006;102.47;1
20140209 221006;102.46;1
20140209 221006;102.46;1
20140209 221010;102.46;1
20140209 221010;102.46;1
20140209 221010;102.46;1
20140209 221017;102.46;1
20140209 221017;102.46;1
20140209 221020;102.46;1
20140209 221020;102.47;1
20140209 221020;102.47;1
20140209 221020;102.47;1
20140209 221034;102.47;1
20140209 221102;102.47;1
20140209 221239;102.47;1
20140209 221240;102.47;1
20140209 221240;102.47;1
20140209 221258;102.47;1
20140209 221309;102.47;1
20140209 221317;102.47;1
20140209 221317;102.47;1
20140209 221319;102.47;1
20140209 221349;102.47;1
20140209 221349;102.47;1
20140209 221420;102.47;1
20140209 221420;102.47;1
20140209 221421;102.47;1
20140209 221429;102.47;1
20140209 221429;102.47;1
20140209 221429;102.47;1
20140209 221430;102.47;1
20140209 221430;102.47;1
20140209 221430;102.47;1
20140209 221438;102.47;1
20140209 221438;102.47;1
20140209 221438;102.48;1
20140209 221441;102.48;1
20140209 221441;102.48;1
20140209 221441;102.49;1
20140209 221442;102.48;1
20140209 221442;102.48;1
20140209 221445;102.48;1
20140209 221445;102.48;1
20140209 221445;102.48;1
20140209 221446;102.48;1
20140209 221446;102.48;1
20140209 221447;102.48;1
20140209 221447;102.48;1
20140209 221448;102.48;1
20140209 221448;102.48;1
20140209 221448;102.48;1
20140209 221448;102.48;1
20140209 221448;102.48;1
20140209 221448;102.48;1
20140209 221449;102.47;1
20140209 221449;102.47;1
20140209 221449;102.47;1
20140209 221449;102.47;1
20140209 221451;102.47;1
20140209 221451;102.47;1
20140209 221452;102.47;1
20140209 221452;102.47;1
20140209 221452;102.47;1
20140209 221452;102.48;1
20140209 221455;102.48;1
20140209 221455;102.48;1
20140209 221455;102.48;1
20140209 221458;102.48;1
20140209 221458;102.48;1
20140209 221458;102.48;1
20140209 221458;102.48;1
20140209 221458;102.48;1
20140209 221504;102.49;1
20140209 221507;102.48;1
20140209 221507;102.48;1
20140209 221509;102.48;1
20140209 221509;102.48;1
20140209 221512;102.48;1
20140209 221512;102.48;1
20140209 221512;102.48;1
20140209 221516;102.48;1
20140209 221518;102.48;1
20140209 221526;102.48;1
20140209 221526;102.48;1
20140209 221526;102.48;1
20140209 221526;102.48;1
20140209 221526;102.48;1
20140209 221527;102.48;1
20140209 221527;102.48;1
20140209 221527;102.48;1
20140209 221527;102.48;1
20140209 221527;102.48;1
20140209 221527;102.48;1
20140209 221530;102.48;1
20140209 221530;102.48;1
20140209 221530;102.48;1
20140209 221530;102.48;1
20140209 221530;102.48;1
20140209 221530;102.48;1
20140209 221530;102.48;1
20140209 221530;102.48;1
20140209 221530;102.48;1
20140209 221531;102.48;1
20140209 221531;102.48;1
20140209 221531;102.48;1
20140209 221531;102.48;1
20140209 221531;102.48;1
20140209 221531;102.48;1
20140209 221531;102.48;1
20140209 221539;102.48;1
20140209 221539;102.48;1
20140209 221539;102.48;1
20140209 221540;102.48;1
20140209 221540;102.48;1
20140209 221541;102.48;1
20140209 221541;102.47;1
20140209 221541;102.47;1
20140209 221542;102.47;1
20140209 221542;102.47;1
20140209 221542;102.47;1
20140209 221542;102.48;1
20140209 221543;102.48;1
20140209 221543;102.48;1
20140209 221543;102.48;1
20140209 221548;102.48;1
20140209 221548;102.48;1
20140209 221549;102.48;1
20140209 221549;102.48;1
20140209 221556;102.48;1
20140209 221557;102.48;1
20140209 221600;102.48;1
20140209 221600;102.48;1
20140209 221600;102.48;1
20140209 221600;102.48;1
20140209 221600;102.48;1
20140209 221600;102.48;1
20140209 221600;102.48;1
20140209 221600;102.48;1
20140209 221600;102.48;1
20140209 221600;102.48;1
20140209 221600;102.48;1
20140209 221600;102.48;1
20140209 221600;102.48;1
20140209 221600;102.48;1
20140209 221600;102.48;1
20140209 221600;102.48;1
20140209 221600;102.48;1
20140209 221601;102.48;1
20140209 221603;102.48;1
20140209 221609;102.48;1
20140209 221609;102.48;1
20140209 221614;102.48;1
20140209 221614;102.48;1
20140209 221614;102.48;1
20140209 221614;102.48;1
20140209 221615;102.48;1
20140209 221615;102.48;1
20140209 221615;102.48;1
20140209 221620;102.48;1
20140209 221620;102.48;1
20140209 221717;102.48;1
20140209 221717;102.48;1
20140209 221727;102.48;1
20140209 221727;102.48;1
20140209 221728;102.48;1
20140209 221728;102.48;1
20140209 221802;102.48;1
20140209 221802;102.48;1
20140209 221805;102.48;1
20140209 221818;102.48;1
20140209 221818;102.48;1
20140209 221902;102.48;1
20140209 221918;102.48;1
20140209 221918;102.48;1
20140209 221941;102.48;1
20140209 222028;102.48;1
20140209 222028;102.48;1
20140209 222044;102.48;1
20140209 222044;102.48;1
20140209 222044;102.48;1
20140209 222044;102.48;1
20140209 222045;102.48;1
20140209 222045;102.48;1
20140209 222045;102.48;1
20140209 222053;102.48;1
20140209 222053;102.48;1
20140209 222054;102.48;1
20140209 222054;102.48;1
20140209 222054;102.48;1
20140209 222059;102.48;1
20140209 222059;102.48;1
20140209 222102;102.47;1
20140209 222102;102.47;1
20140209 222102;102.47;1
20140209 222102;102.47;1
20140209 222102;102.47;1
20140209 222102;102.48;1
20140209 222102;102.47;1
20140209 222102;102.47;1
20140209 222102;102.47;1
20140209 222102;102.47;1
20140209 222102;102.47;1
20140209 222102;102.47;1
20140209 222102;102.47;1
20140209 222103;102.47;1
20140209 222103;102.47;1
20140209 222104;102.47;1
20140209 222104;102.48;1
20140209 222104;102.48;1
20140209 222104;102.48;1
20140209 222123;102.48;1
20140209 222128;102.48;1
20140209 222128;102.48;1
20140209 222145;102.48;1
20140209 222146;102.48;1
20140209 222146;102.48;1
20140209 222146;102.48;1
20140209 222146;102.48;1
20140209 222146;102.48;1
20140209 222149;102.48;1
20140209 222154;102.48;1
20140209 222154;102.48;1
20140209 222154;102.48;1
20140209 222154;102.48;1
20140209 222154;102.48;1
20140209 222155;102.48;1
20140209 222155;102.48;1
20140209 222155;102.48;1
20140209 222155;102.48;1
20140209 222155;102.48;1
20140209 222155;102.48;1
20140209 222155;102.48;1
20140209 222155;102.48;1
20140209 222155;102.48;1
20140209 222155;102.48;1
20140209 222158;102.48;1
20140209 222158;102.48;1
20140209 222158;102.48;1
20140209 222158;102.48;1
20140209 222158;102.48;1
20140209 222158;102.48;1
20140209 222158;102.48;1
20140209 222158;102.48;1
20140209 222158;102.48;1
20140209 222158;102.48;1
20140209 222158;102.48;1
20140209 222158;102.48;1
20140209 222159;102.48;1
20140209 222159;102.48;1
20140209 222159;102.48;1
20140209 222159;102.48;1
20140209 222203;102.48;1
20140209 222203;102.48;1
20140209 222204;102.48;1
20140209 222204;102.48;1
20140209 222204;102.48;1
20140209 222204;102.48;1
20140209 222204;102.48;1
20140209 222204;102.48;1
20140209 222215;102.48;1
20140209 222215;102.48;1
20140209 222215;102.48;1
20140209 222215;102.48;1
20140209 222233;102.48;1
20140209 222252;102.48;1
20140209 222252;102.47;1
20140209 222252;102.47;1
20140209 222252;102.47;1
20140209 222252;102.46;1
20140209 222252;102.46;1
20140209 222252;102.46;1
20140209 222252;102.48;1
20140209 222252;102.48;1
20140209 222255;102.47;1
20140209 222256;102.46;1
20140209 222256;102.46;1
20140209 222256;102.46;1
20140209 222256;102.46;1
20140209 222301;102.47;1
20140209 222301;102.46;1
20140209 222301;102.47;1
20140209 222304;102.46;1
20140209 222319;102.47;1
20140209 222342;102.46;1
20140209 222402;102.46;1
20140209 222423;102.46;1
20140209 222426;102.47;1
20140209 222426;102.46;1
20140209 222426;102.46;1
20140209 222431;102.46;1
20140209 222431;102.46;1
20140209 222431;102.46;1
20140209 222501;102.46;1
20140209 222501;102.46;1
20140209 222501;102.46;1
20140209 222529;102.47;1
20140209 222529;102.47;1
20140209 222529;102.47;1
20140209 222529;102.47;1
20140209 222529;102.48;1
20140209 222529;102.49;1
20140209 222529;102.49;1
20140209 222529;102.49;1
20140209 222529;102.49;1
20140209 222529;102.49;1
20140209 222530;102.49;1
20140209 222530;102.49;1
20140209 222530;102.49;1
20140209 222540;102.49;1
20140209 222540;102.49;1
20140209 222540;102.49;1
20140209 222540;102.49;1
20140209 222540;102.49;1
20140209 222540;102.48;1
20140209 222540;102.48;1
20140209 222543;102.48;1
20140209 222543;102.48;1
20140209 222547;102.48;1
20140209 222547;102.48;1
20140209 222611;102.48;1
20140209 222611;102.49;1
20140209 222611;102.48;1
20140209 222611;102.48;1
20140209 222611;102.48;1
20140209 222611;102.48;1
20140209 222611;102.48;1
20140209 222611;102.48;1
20140209 222611;102.48;1
20140209 222612;102.48;1
20140209 222612;102.48;1
20140209 222650;102.48;1
20140209 222650;102.48;1
20140209 222657;102.48;1
20140209 222657;102.48;1
20140209 222657;102.48;1
20140209 222707;102.48;1
20140209 222709;102.47;1
20140209 222709;102.47;1
20140209 222709;102.48;1
20140209 222709;102.47;1
20140209 222710;102.47;1
20140209 222710;102.48;1
20140209 222725;102.48;1
20140209 222725;102.48;1
20140209 222725;102.48;1
20140209 222725;102.48;1
20140209 222725;102.48;1
20140209 222831;102.48;1
20140209 222839;102.48;1
20140209 222839;102.48;1
20140209 222839;102.46;1
20140209 222839;102.46;1
20140209 222839;102.46;1
20140209 222839;102.46;1
20140209 222839;102.46;1
20140209 222839;102.47;1
20140209 222840;102.47;1
20140209 222840;102.47;1
20140209 222840;102.48;1
20140209 222840;102.47;1
20140209 222840;102.48;1
20140209 222840;102.48;1
20140209 222840;102.48;1
20140209 222840;102.48;1
20140209 222849;102.48;1
20140209 222852;102.48;1
20140209 222852;102.48;1
20140209 222856;102.48;1
20140209 222912;102.48;1
20140209 222912;102.48;1
20140209 222912;102.48;1
20140209 222912;102.48;1
20140209 222912;102.48;1
20140209 222912;102.48;1
20140209 223000;102.48;1
20140209 223001;102.48;1
20140209 223012;102.48;1
20140209 223012;102.48;1
20140209 223125;102.48;1
20140209 223218;102.48;1
20140209 223218;102.48;1
20140209 223226;102.48;1
20140209 223301;102.48;1
20140209 223301;102.48;1
20140209 223301;102.49;1
20140209 223301;102.49;1
20140209 223302;102.49;1
20140209 223302;102.49;1
20140209 223302;102.49;1
20140209 223302;102.49;1
20140209 223302;102.49;1
20140209 223302;102.49;1
20140209 223302;102.49;1
20140209 223302;102.49;1
20140209 223303;102.49;1
20140209 223303;102.49;1
20140209 223303;102.49;1
20140209 223303;102.49;1
20140209 223303;102.49;1
20140209 223303;102.49;1
20140209 223303;102.49;1
20140209 223303;102.5;1
20140209 223303;102.5;1
20140209 223303;102.5;1
20140209 223303;102.5;1
20140209 223303;102.5;1
20140209 223303;102.5;1
20140209 223303;102.49;1
20140209 223311;102.49;1
20140209 223311;102.5;1
20140209 223311;102.5;1
20140209 223312;102.5;1
20140209 223312;102.5;1
20140209 223312;102.5;1
20140209 223312;102.5;1
20140209 223312;102.5;1
20140209 223312;102.5;1
20140209 223312;102.5;1
20140209 223320;102.5;1
20140209 223320;102.5;1
20140209 223340;102.5;1
20140209 223340;102.5;1
20140209 223340;102.5;1
20140209 223340;102.5;1
20140209 223340;102.5;1
20140209 223340;102.5;1
20140209 223340;102.5;1
20140209 223341;102.5;1
20140209 223342;102.5;1
20140209 223342;102.5;1
20140209 223342;102.5;1
20140209 223345;102.5;1
20140209 223345;102.5;1
20140209 223345;102.5;1
20140209 223345;102.5;1
20140209 223345;102.5;1
20140209 223347;102.5;1
20140209 223350;102.5;1
20140209 223350;102.5;1
20140209 223355;102.5;1
20140209 223355;102.5;1
20140209 223355;102.5;1
20140209 223355;102.5;1
20140209 223406;102.5;1
20140209 223408;102.5;1
20140209 223408;102.5;1
20140209 223420;102.5;1
20140209 223421;102.5;1
20140209 223421;102.52;1
20140209 223421;102.51;1
20140209 223421;102.51;1
20140209 223421;102.51;1
20140209 223421;102.51;1
20140209 223422;102.51;1
20140209 223509;102.5;1
20140209 223509;102.5;1
20140209 223509;102.5;1
20140209 223514;102.5;1
20140209 223514;102.5;1
20140209 223514;102.51;1
20140209 223514;102.51;1
20140209 223524;102.5;1
20140209 223524;102.5;1
20140209 223524;102.5;1
20140209 223524;102.5;1
20140209 223526;102.5;1
20140209 223526;102.5;1
20140209 223526;102.51;1
20140209 223526;102.51;1
20140209 223526;102.51;1
20140209 223527;102.51;1
20140209 223538;102.51;1
20140209 223548;102.51;1
20140209 223548;102.51;1
20140209 223619;102.51;1
20140209 223637;102.51;1
20140209 223650;102.51;1
20140209 223650;102.52;1
20140209 223650;102.51;1
20140209 223650;102.51;1
20140209 223650;102.51;1
20140209 223650;102.51;1
20140209 223650;102.51;1
20140209 223650;102.51;1
20140209 223652;102.51;1
20140209 223652;102.51;1
20140209 223652;102.51;1
20140209 223702;102.51;1
20140209 223702;102.51;1
20140209 223702;102.51;1
20140209 223704;102.51;1
20140209 223704;102.51;1
20140209 223704;102.51;1
20140209 223704;102.51;1
20140209 223704;102.51;1
20140209 223704;102.51;1
20140209 223704;102.51;1
20140209 223704;102.51;1
20140209 223704;102.51;1
20140209 223704;102.51;1
20140209 223704;102.51;1
20140209 223704;102.51;1
20140209 223728;102.51;1
20140209 223807;102.51;1
20140209 223816;102.51;1
20140209 223816;102.51;1
20140209 223816;102.51;1
20140209 223818;102.5;1
20140209 223818;102.5;1
20140209 223818;102.5;1
20140209 223818;102.5;1
20140209 223822;102.5;1
20140209 223822;102.5;1
20140209 223822;102.5;1
20140209 223822;102.51;1
20140209 223825;102.51;1
20140209 223825;102.51;1
20140209 223825;102.51;1
20140209 223825;102.52;1
20140209 223825;102.51;1
20140209 223825;102.51;1
20140209 223825;102.51;1
20140209 223825;102.51;1
20140209 223828;102.51;1
20140209 223828;102.52;1
20140209 223831;102.52;1
20140209 223836;102.52;1
20140209 223836;102.52;1
20140209 223837;102.52;1
20140209 223838;102.52;1
20140209 223838;102.52;1
20140209 223841;102.52;1
20140209 223841;102.52;1
20140209 223841;102.52;1
20140209 223843;102.51;1
20140209 223844;102.51;1
20140209 223846;102.51;1
20140209 223846;102.51;1
20140209 223846;102.51;1
20140209 223856;102.52;1
20140209 223857;102.52;1
20140209 223857;102.52;1
20140209 223857;102.52;1
20140209 223857;102.52;1
20140209 223857;102.54;1
20140209 223857;102.54;1
20140209 223857;102.54;1
20140209 223857;102.54;1
20140209 223857;102.54;1
20140209 223857;102.54;1
20140209 223857;102.54;1
20140209 223858;102.54;1
20140209 223859;102.54;1
20140209 223859;102.54;1
20140209 223859;102.53;1
20140209 223859;102.52;1
20140209 223859;102.52;1
20140209 223859;102.52;1
20140209 223859;102.52;1
20140209 223904;102.52;1
20140209 223904;102.52;1
20140209 223904;102.52;1
20140209 223904;102.52;1
20140209 223904;102.52;1
20140209 223904;102.52;1
20140209 223904;102.54;1
20140209 223904;102.54;1
20140209 223904;102.54;1
20140209 223904;102.54;1
20140209 223904;102.53;1
20140209 223904;102.53;1
20140209 223904;102.52;1
20140209 223904;102.52;1
20140209 223904;102.52;1
20140209 223914;102.52;1
20140209 223914;102.52;1
20140209 223919;102.52;1
20140209 223921;102.52;1
20140209 223934;102.52;1
20140209 224000;102.5;1
20140209 224000;102.5;1
20140209 224000;102.5;1
20140209 224000;102.5;1
20140209 224000;102.51;1
20140209 224000;102.51;1
20140209 224000;102.51;1
20140209 224002;102.51;1
20140209 224002;102.51;1
20140209 224013;102.51;1
20140209 224035;102.5;1
20140209 224035;102.5;1
20140209 224035;102.51;1
20140209 224125;102.5;1
20140209 224127;102.5;1
20140209 224127;102.5;1
20140209 224143;102.5;1
20140209 224151;102.5;1
20140209 224151;102.5;1
20140209 224151;102.51;1
20140209 224158;102.5;1
20140209 224201;102.5;1
20140209 224204;102.5;1
20140209 224246;102.51;1
20140209 224246;102.51;1
20140209 224256;102.5;1
20140209 224335;102.5;1
20140209 224335;102.51;1
20140209 224335;102.51;1
20140209 224335;102.51;1
20140209 224335;102.51;1
20140209 224341;102.51;1
20140209 224347;102.51;1
20140209 224347;102.52;1
20140209 224347;102.52;1
20140209 224347;102.52;1
20140209 224347;102.52;1
20140209 224347;102.52;1
20140209 224348;102.51;1
20140209 224348;102.51;1
20140209 224348;102.52;1
20140209 224348;102.52;1
20140209 224351;102.52;1
20140209 224351;102.52;1
20140209 224352;102.52;1
20140209 224352;102.52;1
20140209 224352;102.52;1
20140209 224352;102.52;1
20140209 224408;102.52;1
20140209 224408;102.52;1
20140209 224408;102.52;1
20140209 224408;102.52;1
20140209 224409;102.52;1
20140209 224418;102.53;1
20140209 224418;102.54;1
20140209 224418;102.54;1
20140209 224424;102.53;1
20140209 224440;102.54;1
20140209 224450;102.53;1
20140209 224450;102.53;1
20140209 224450;102.53;1
20140209 224452;102.54;1
20140209 224458;102.54;1
20140209 224505;102.54;1
20140209 224506;102.55;1
20140209 224506;102.55;1
20140209 224506;102.54;1
20140209 224506;102.54;1
20140209 224506;102.54;1
20140209 224506;102.55;1
20140209 224506;102.56;1
20140209 224506;102.55;1
20140209 224506;102.55;1
20140209 224506;102.55;1
20140209 224506;102.55;1
20140209 224506;102.55;1
20140209 224506;102.56;1
20140209 224507;102.56;1
20140209 224510;102.56;1
20140209 224510;102.56;1
20140209 224510;102.56;1
20140209 224510;102.56;1
20140209 224510;102.55;1
20140209 224510;102.55;1
20140209 224510;102.55;1
20140209 224510;102.55;1
20140209 224510;102.54;1
20140209 224510;102.54;1
20140209 224513;102.55;1
20140209 224513;102.56;1
20140209 224513;102.56;1
20140209 224514;102.55;1
20140209 224514;102.55;1
20140209 224518;102.55;1
20140209 224518;102.55;1
20140209 224518;102.55;1
20140209 224518;102.55;1
20140209 224518;102.55;1
20140209 224518;102.55;1
20140209 224518;102.55;1
20140209 224521;102.55;1
20140209 224521;102.55;1
20140209 224526;102.55;1
20140209 224526;102.55;1
20140209 224526;102.55;1
20140209 224526;102.55;1
20140209 224531;102.55;1
20140209 224531;102.55;1
20140209 224532;102.55;1
20140209 224532;102.55;1
20140209 224538;102.55;1
20140209 224538;102.55;1
20140209 224538;102.55;1
20140209 224538;102.55;1
20140209 224538;102.55;1
20140209 224538;102.55;1
20140209 224541;102.55;1
20140209 224541;102.55;1
20140209 224541;102.55;1
20140209 224541;102.56;1
20140209 224541;102.56;1
20140209 224541;102.56;1
20140209 224541;102.56;1
20140209 224546;102.56;1
20140209 224546;102.56;1
20140209 224547;102.55;1
20140209 224547;102.55;1
20140209 224547;102.55;1
20140209 224547;102.56;1
20140209 224547;102.56;1
20140209 224547;102.56;1
20140209 224548;102.56;1
20140209 224548;102.56;1
20140209 224552;102.56;1
20140209 224552;102.56;1
20140209 224553;102.56;1
20140209 224553;102.56;1
20140209 224559;102.56;1
20140209 224559;102.56;1
20140209 224603;102.56;1
20140209 224603;102.56;1
20140209 224603;102.56;1
20140209 224603;102.56;1
20140209 224603;102.56;1
20140209 224603;102.56;1
20140209 224604;102.55;1
20140209 224604;102.55;1
20140209 224604;102.55;1
20140209 224604;102.55;1
20140209 224604;102.55;1
20140209 224604;102.55;1
20140209 224605;102.55;1
20140209 224608;102.55;1
20140209 224608;102.55;1
20140209 224608;102.55;1
20140209 224608;102.56;1
20140209 224608;102.56;1
20140209 224609;102.56;1
20140209 224609;102.56;1
20140209 224610;102.56;1
20140209 224610;102.56;1
20140209 224612;102.56;1
20140209 224612;102.56;1
20140209 224612;102.56;1
20140209 224612;102.56;1
20140209 224614;102.56;1
20140209 224614;102.56;1
20140209 224616;102.55;1
20140209 224616;102.56;1
20140209 224618;102.56;1
20140209 224622;102.55;1
20140209 224622;102.55;1
20140209 224622;102.55;1
20140209 224622;102.56;1
20140209 224624;102.55;1
20140209 224624;102.55;1
20140209 224627;102.55;1
20140209 224627;102.55;1
20140209 224628;102.55;1
20140209 224628;102.55;1
20140209 224628;102.55;1
20140209 224628;102.55;1
20140209 224628;102.55;1
20140209 224628;102.55;1
20140209 224634;102.55;1
20140209 224634;102.56;1
20140209 224634;102.55;1
20140209 224634;102.55;1
20140209 224635;102.55;1
20140209 224635;102.56;1
20140209 224635;102.55;1
20140209 224635;102.55;1
20140209 224637;102.55;1
20140209 224637;102.55;1
20140209 224637;102.55;1
20140209 224637;102.56;1
20140209 224637;102.56;1
20140209 224637;102.56;1
20140209 224637;102.56;1
20140209 224637;102.56;1
20140209 224637;102.56;1
20140209 224637;102.56;1
20140209 224643;102.56;1
20140209 224643;102.56;1
20140209 224643;102.56;1
20140209 224643;102.56;1
20140209 224648;102.56;1
20140209 224648;102.56;1
20140209 224648;102.56;1
20140209 224648;102.56;1
20140209 224648;102.56;1
20140209 224648;102.56;1
20140209 224652;102.56;1
20140209 224652;102.56;1
20140209 224652;102.56;1
20140209 224652;102.56;1
20140209 224655;102.56;1
20140209 224655;102.56;1
20140209 224655;102.56;1
20140209 224655;102.56;1
20140209 224655;102.56;1
20140209 224655;102.56;1
20140209 224659;102.56;1
20140209 224659;102.56;1
20140209 224659;102.55;1
20140209 224659;102.55;1
20140209 224702;102.55;1
20140209 224702;102.55;1
20140209 224707;102.55;1
20140209 224708;102.55;1
20140209 224708;102.55;1
20140209 224708;102.55;1
20140209 224708;102.54;1
20140209 224708;102.54;1
20140209 224708;102.54;1
20140209 224708;102.54;1
20140209 224708;102.54;1
20140209 224708;102.54;1
20140209 224712;102.54;1
20140209 224726;102.54;1
20140209 224743;102.54;1
20140209 224746;102.54;1
20140209 224746;102.54;1
20140209 224752;102.54;1
20140209 224752;102.54;1
20140209 224753;102.54;1
20140209 224753;102.54;1
20140209 224753;102.53;1
20140209 224753;102.53;1
20140209 224812;102.53;1
20140209 224812;102.54;1
20140209 224813;102.54;1
20140209 224817;102.54;1
20140209 224817;102.53;1
20140209 224820;102.54;1
20140209 224820;102.54;1
20140209 224821;102.54;1
20140209 224821;102.54;1
20140209 224822;102.54;1
20140209 224823;102.54;1
20140209 224824;102.53;1
20140209 224824;102.53;1
20140209 224824;102.52;1
20140209 224824;102.51;1
20140209 224824;102.51;1
20140209 224824;102.51;1
20140209 224824;102.52;1
20140209 224824;102.52;1
20140209 224824;102.53;1
20140209 224824;102.53;1
20140209 224824;102.53;1
20140209 224824;102.53;1
20140209 224824;102.53;1
20140209 224824;102.53;1
20140209 224824;102.51;1
20140209 224824;102.51;1
20140209 224824;102.51;1
20140209 224824;102.52;1
20140209 224824;102.52;1
20140209 224824;102.52;1
20140209 224824;102.52;1
20140209 224824;102.53;1
20140209 224824;102.52;1
20140209 224824;102.53;1
20140209 224824;102.53;1
20140209 224824;102.53;1
20140209 224824;102.53;1
20140209 224825;102.53;1
20140209 224825;102.54;1
20140209 224826;102.53;1
20140209 224826;102.54;1
20140209 224826;102.53;1
20140209 224831;102.53;1
20140209 224831;102.53;1
20140209 224833;102.53;1
20140209 224835;102.53;1
20140209 224836;102.53;1
20140209 224836;102.53;1
20140209 224837;102.53;1
20140209 224839;102.53;1
20140209 224840;102.54;1
20140209 224840;102.54;1
20140209 224841;102.54;1
20140209 224841;102.54;1
20140209 224847;102.54;1
20140209 224847;102.54;1
20140209 224848;102.54;1
20140209 224852;102.54;1
20140209 224853;102.54;1
20140209 224853;102.54;1
20140209 224853;102.54;1
20140209 224853;102.54;1
20140209 224853;102.54;1
20140209 224853;102.53;1
20140209 224853;102.53;1
20140209 224853;102.52;1
20140209 224853;102.53;1
20140209 224854;102.53;1
20140209 224854;102.53;1
20140209 224857;102.53;1
20140209 224902;102.54;1
20140209 224902;102.53;1
20140209 224902;102.53;1
20140209 224902;102.53;1
20140209 224902;102.53;1
20140209 224903;102.53;1
20140209 224903;102.52;1
20140209 224903;102.53;1
20140209 224903;102.53;1
20140209 224903;102.53;1
20140209 224903;102.53;1
20140209 224903;102.53;1
20140209 224903;102.53;1
20140209 224903;102.53;1
20140209 224904;102.53;1
20140209 224905;102.53;1
20140209 224905;102.54;1
20140209 224906;102.54;1
20140209 224906;102.54;1
20140209 224906;102.54;1
20140209 224906;102.54;1
20140209 224906;102.54;1
20140209 224906;102.54;1
20140209 224906;102.54;1
20140209 224906;102.54;1
20140209 224906;102.54;1
20140209 224911;102.54;1
20140209 224921;102.54;1
20140209 224921;102.54;1
20140209 224921;102.54;1
20140209 224930;102.54;1
20140209 224930;102.54;1
20140209 224930;102.54;1
20140209 224933;102.54;1
20140209 224939;102.54;1
20140209 224939;102.54;1
20140209 224939;102.54;1
20140209 224942;102.54;1
20140209 224945;102.54;1
20140209 224949;102.54;1
20140209 224949;102.54;1
20140209 224949;102.54;1
20140209 224952;102.54;1
20140209 224955;102.54;1
20140209 224958;102.54;1
20140209 224958;102.53;1
20140209 224958;102.53;1
20140209 224958;102.53;1
20140209 224958;102.53;1
20140209 224958;102.53;1
20140209 224958;102.53;1
20140209 224958;102.52;1
20140209 224958;102.52;1
20140209 224958;102.52;1
20140209 224958;102.54;1
20140209 224958;102.54;1
20140209 224959;102.54;1
20140209 224959;102.54;1
20140209 225001;102.54;1
20140209 225002;102.54;1
20140209 225004;102.54;1
20140209 225008;102.54;1
20140209 225008;102.54;1
20140209 225008;102.54;1
20140209 225008;102.54;1
20140209 225009;102.54;1
20140209 225009;102.54;1
20140209 225010;102.54;1
20140209 225010;102.55;1
20140209 225010;102.55;1
20140209 225010;102.55;1
20140209 225010;102.55;1
20140209 225012;102.55;1
20140209 225028;102.55;1
20140209 225028;102.55;1
20140209 225028;102.56;1
20140209 225028;102.56;1
20140209 225028;102.56;1
20140209 225028;102.56;1
20140209 225028;102.56;1
20140209 225028;102.57;1
20140209 225028;102.57;1
20140209 225028;102.57;1
20140209 225028;102.58;1
20140209 225028;102.58;1
20140209 225028;102.58;1
20140209 225028;102.57;1
20140209 225028;102.57;1
20140209 225028;102.57;1
20140209 225028;102.57;1
20140209 225028;102.58;1
20140209 225028;102.57;1
20140209 225028;102.57;1
20140209 225028;102.57;1
20140209 225028;102.58;1
20140209 225028;102.58;1
20140209 225028;102.58;1
20140209 225029;102.58;1
20140209 225029;102.58;1
20140209 225029;102.58;1
20140209 225032;102.58;1
20140209 225033;102.58;1
20140209 225034;102.58;1
20140209 225035;102.58;1
20140209 225036;102.58;1
20140209 225039;102.58;1
20140209 225040;102.58;1
20140209 225040;102.58;1
20140209 225040;102.58;1
20140209 225040;102.58;1
20140209 225040;102.58;1
20140209 225040;102.58;1
20140209 225040;102.58;1
20140209 225044;102.58;1
20140209 225044;102.58;1
20140209 225051;102.58;1
20140209 225051;102.58;1
20140209 225051;102.58;1
20140209 225051;102.58;1
20140209 225051;102.57;1
20140209 225051;102.57;1
20140209 225052;102.57;1
20140209 225055;102.57;1
20140209 225103;102.56;1
20140209 225103;102.56;1
20140209 225103;102.56;1
20140209 225103;102.56;1
20140209 225103;102.56;1
20140209 225103;102.56;1
20140209 225103;102.56;1
20140209 225103;102.55;1
20140209 225103;102.56;1
20140209 225103;102.55;1
20140209 225103;102.55;1
20140209 225103;102.56;1
20140209 225103;102.56;1
20140209 225103;102.57;1
20140209 225103;102.57;1
20140209 225103;102.56;1
20140209 225103;102.56;1
20140209 225103;102.56;1
20140209 225103;102.56;1
20140209 225103;102.56;1
20140209 225103;102.56;1
20140209 225103;102.56;1
20140209 225104;102.56;1
20140209 225104;102.56;1
20140209 225104;102.57;1
20140209 225105;102.57;1
20140209 225105;102.57;1
20140209 225105;102.57;1
20140209 225105;102.58;1
20140209 225105;102.57;1
20140209 225105;102.57;1
20140209 225105;102.57;1
20140209 225105;102.57;1
20140209 225105;102.57;1
20140209 225105;102.57;1
20140209 225105;102.57;1
20140209 225105;102.57;1
20140209 225105;102.57;1
20140209 225105;102.57;1
20140209 225105;102.57;1
20140209 225105;102.57;1
20140209 225105;102.57;1
20140209 225105;102.57;1
20140209 225105;102.57;1
20140209 225106;102.57;1
20140209 225106;102.57;1
20140209 225106;102.57;1
20140209 225106;102.57;1
20140209 225106;102.57;1
20140209 225106;102.57;1
20140209 225106;102.57;1
20140209 225106;102.57;1
20140209 225106;102.57;1
20140209 225106;102.57;1
20140209 225106;102.57;1
20140209 225106;102.57;1
20140209 225106;102.57;1
20140209 225107;102.57;1
20140209 225107;102.57;1
20140209 225108;102.57;1
20140209 225108;102.57;1
20140209 225108;102.57;1
20140209 225108;102.57;1
20140209 225108;102.57;1
20140209 225111;102.57;1
20140209 225111;102.57;1
20140209 225111;102.57;1
20140209 225111;102.58;1
20140209 225121;102.58;1
20140209 225121;102.58;1
20140209 225121;102.58;1
20140209 225121;102.59;1
20140209 225123;102.58;1
20140209 225123;102.57;1
20140209 225123;102.57;1
20140209 225123;102.57;1
20140209 225123;102.57;1
20140209 225123;102.57;1
20140209 225123;102.57;1
20140209 225123;102.57;1
20140209 225123;102.56;1
20140209 225123;102.56;1
20140209 225123;102.56;1
20140209 225123;102.57;1
20140209 225124;102.57;1
20140209 225125;102.56;1
20140209 225125;102.56;1
20140209 225125;102.56;1
20140209 225125;102.56;1
20140209 225125;102.56;1
20140209 225127;102.56;1
20140209 225127;102.56;1
20140209 225127;102.56;1
20140209 225127;102.56;1
20140209 225128;102.56;1
20140209 225128;102.56;1
20140209 225128;102.56;1
20140209 225128;102.56;1
20140209 225128;102.57;1
20140209 225128;102.57;1
20140209 225128;102.57;1
20140209 225128;102.57;1
20140209 225128;102.57;1
20140209 225128;102.57;1
20140209 225129;102.57;1
20140209 225129;102.57;1
20140209 225129;102.57;1
20140209 225135;102.57;1
20140209 225139;102.57;1
20140209 225139;102.57;1
20140209 225139;102.57;1
20140209 225139;102.57;1
20140209 225144;102.57;1
20140209 225144;102.57;1
20140209 225144;102.58;1
20140209 225149;102.58;1
20140209 225149;102.58;1
20140209 225149;102.58;1
20140209 225149;102.58;1
20140209 225150;102.58;1
20140209 225150;102.59;1
20140209 225153;102.58;1
20140209 225153;102.58;1
20140209 225153;102.58;1
20140209 225154;102.58;1
20140209 225159;102.58;1
20140209 225159;102.59;1
20140209 225159;102.59;1
20140209 225159;102.59;1
20140209 225159;102.59;1
20140209 225201;102.59;1
20140209 225201;102.6;1
20140209 225201;102.6;1
20140209 225201;102.59;1
20140209 225204;102.59;1
20140209 225204;102.59;1
20140209 225204;102.58;1
20140209 225204;102.58;1
20140209 225204;102.58;1
20140209 225204;102.58;1
20140209 225204;102.58;1
20140209 225207;102.58;1
20140209 225207;102.58;1
20140209 225209;102.58;1
20140209 225214;102.58;1
20140209 225215;102.58;1
20140209 225215;102.58;1
20140209 225215;102.58;1
20140209 225215;102.58;1
20140209 225215;102.6;1
20140209 225215;102.6;1
20140209 225215;102.6;1
20140209 225217;102.6;1
20140209 225218;102.6;1
20140209 225218;102.6;1
20140209 225218;102.6;1
20140209 225218;102.6;1
20140209 225218;102.61;1
20140209 225218;102.61;1
20140209 225218;102.61;1
20140209 225218;102.61;1
20140209 225218;102.6;1
20140209 225218;102.6;1
20140209 225218;102.6;1
20140209 225219;102.6;1
20140209 225219;102.6;1
20140209 225219;102.6;1
20140209 225219;102.6;1
20140209 225219;102.6;1
20140209 225219;102.6;1
20140209 225219;102.6;1
20140209 225220;102.6;1
20140209 225220;102.6;1
20140209 225220;102.6;1
20140209 225220;102.6;1
20140209 225220;102.6;1
20140209 225220;102.6;1
20140209 225222;102.6;1
20140209 225222;102.6;1
20140209 225222;102.6;1
20140209 225222;102.6;1
20140209 225224;102.6;1
20140209 225224;102.6;1
20140209 225224;102.6;1
20140209 225224;102.6;1
20140209 225224;102.6;1
20140209 225224;102.61;1
20140209 225224;102.61;1
20140209 225225;102.61;1
20140209 225225;102.62;1
20140209 225225;102.62;1
20140209 225225;102.63;1
20140209 225225;102.63;1
20140209 225225;102.63;1
20140209 225225;102.63;1
20140209 225225;102.63;1
20140209 225226;102.62;1
20140209 225226;102.62;1
20140209 225226;102.62;1
20140209 225227;102.62;1
20140209 225227;102.62;1
20140209 225227;102.62;1
20140209 225227;102.62;1
20140209 225227;102.61;1
20140209 225227;102.61;1
20140209 225227;102.61;1
20140209 225229;102.61;1
20140209 225231;102.61;1
20140209 225231;102.61;1
20140209 225233;102.6;1
20140209 225233;102.6;1
20140209 225233;102.6;1
20140209 225233;102.6;1
20140209 225234;102.6;1
20140209 225234;102.6;1
20140209 225234;102.6;1
20140209 225234;102.61;1
20140209 225234;102.62;1
20140209 225234;102.62;1
20140209 225235;102.62;1
20140209 225235;102.62;1
20140209 225235;102.62;1
20140209 225235;102.61;1
20140209 225235;102.61;1
20140209 225235;102.61;1
20140209 225235;102.61;1
20140209 225235;102.61;1
20140209 225235;102.61;1
20140209 225235;102.61;1
20140209 225235;102.62;1
20140209 225235;102.62;1
20140209 225237;102.62;1
20140209 225237;102.62;1
20140209 225237;102.62;1
20140209 225237;102.63;1
20140209 225237;102.63;1
20140209 225240;102.63;1
20140209 225240;102.63;1
20140209 225240;102.63;1
20140209 225240;102.63;1
20140209 225240;102.63;1
20140209 225240;102.64;1
20140209 225240;102.62;1
20140209 225240;102.62;1
20140209 225240;102.62;1
20140209 225240;102.62;1
20140209 225240;102.62;1
20140209 225240;102.62;1
20140209 225240;102.62;1
20140209 225240;102.62;1
20140209 225240;102.62;1
20140209 225240;102.62;1
20140209 225240;102.62;1
20140209 225240;102.62;1
20140209 225241;102.62;1
20140209 225242;102.62;1
20140209 225242;102.62;1
20140209 225242;102.63;1
20140209 225244;102.63;1
20140209 225244;102.63;1
20140209 225244;102.63;1
20140209 225244;102.63;1
20140209 225244;102.63;1
20140209 225245;102.62;1
20140209 225245;102.62;1
20140209 225245;102.62;1
20140209 225246;102.62;1
20140209 225246;102.62;1
20140209 225246;102.62;1
20140209 225246;102.62;1
20140209 225246;102.62;1
20140209 225246;102.62;1
20140209 225247;102.63;1
20140209 225247;102.62;1
20140209 225248;102.63;1
20140209 225248;102.62;1
20140209 225248;102.62;1
20140209 225248;102.62;1
20140209 225248;102.62;1
20140209 225249;102.62;1
20140209 225249;102.62;1
20140209 225249;102.63;1
20140209 225249;102.63;1
20140209 225249;102.63;1
20140209 225249;102.62;1
20140209 225249;102.62;1
20140209 225249;102.62;1
20140209 225249;102.62;1
20140209 225249;102.62;1
20140209 225249;102.62;1
20140209 225250;102.62;1
20140209 225250;102.62;1
20140209 225250;102.62;1
20140209 225250;102.62;1
20140209 225250;102.62;1
20140209 225251;102.62;1
20140209 225252;102.62;1
20140209 225252;102.62;1
20140209 225252;102.62;1
20140209 225252;102.62;1
20140209 225252;102.62;1
20140209 225252;102.62;1
20140209 225253;102.62;1
20140209 225254;102.62;1
20140209 225257;102.62;1
20140209 225257;102.62;1
20140209 225258;102.62;1
20140209 225258;102.62;1
20140209 225258;102.62;1
20140209 225259;102.62;1
20140209 225259;102.62;1
20140209 225259;102.62;1
20140209 225259;102.62;1
20140209 225259;102.62;1
20140209 225259;102.62;1
20140209 225259;102.62;1
20140209 225259;102.62;1
20140209 225259;102.62;1
20140209 225259;102.62;1
20140209 225300;102.62;1
20140209 225300;102.63;1
20140209 225300;102.63;1
20140209 225300;102.64;1
20140209 225300;102.63;1
20140209 225300;102.63;1
20140209 225300;102.63;1
20140209 225300;102.63;1
20140209 225300;102.63;1
20140209 225300;102.63;1
20140209 225301;102.62;1
20140209 225301;102.62;1
20140209 225301;102.62;1
20140209 225301;102.62;1
20140209 225302;102.62;1
20140209 225302;102.62;1
20140209 225302;102.62;1
20140209 225302;102.62;1
20140209 225302;102.62;1
20140209 225304;102.62;1
20140209 225304;102.62;1
20140209 225304;102.62;1
20140209 225304;102.62;1
20140209 225304;102.62;1
20140209 225304;102.62;1
20140209 225305;102.62;1
20140209 225305;102.62;1
20140209 225306;102.62;1
20140209 225306;102.62;1
20140209 225306;102.62;1
20140209 225306;102.62;1
20140209 225306;102.62;1
20140209 225306;102.62;1
20140209 225306;102.62;1
20140209 225310;102.62;1
20140209 225310;102.62;1
20140209 225310;102.62;1
20140209 225316;102.62;1
20140209 225317;102.62;1
20140209 225317;102.62;1
20140209 225319;102.62;1
20140209 225319;102.62;1
20140209 225319;102.62;1
20140209 225319;102.63;1
20140209 225319;102.63;1
20140209 225319;102.63;1
20140209 225320;102.63;1
20140209 225322;102.63;1
20140209 225322;102.63;1
20140209 225323;102.63;1
20140209 225323;102.63;1
20140209 225323;102.63;1
20140209 225324;102.63;1
20140209 225324;102.63;1
20140209 225324;102.63;1
20140209 225324;102.63;1
20140209 225324;102.63;1
20140209 225324;102.64;1
20140209 225324;102.64;1
20140209 225324;102.64;1
20140209 225324;102.64;1
20140209 225324;102.63;1
20140209 225324;102.63;1
20140209 225324;102.63;1
20140209 225324;102.63;1
20140209 225324;102.63;1
20140209 225325;102.62;1
20140209 225325;102.62;1
20140209 225325;102.62;1
20140209 225325;102.62;1
20140209 225325;102.63;1
20140209 225325;102.63;1
20140209 225326;102.63;1
20140209 225326;102.63;1
20140209 225326;102.63;1
20140209 225326;102.62;1
20140209 225327;102.62;1
20140209 225327;102.62;1
20140209 225327;102.62;1
20140209 225328;102.62;1
20140209 225328;102.62;1
20140209 225328;102.61;1
20140209 225329;102.61;1
20140209 225329;102.61;1
20140209 225329;102.61;1
20140209 225329;102.61;1
20140209 225329;102.61;1
20140209 225329;102.61;1
20140209 225329;102.61;1
20140209 225329;102.61;1
20140209 225329;102.61;1
20140209 225329;102.61;1
20140209 225329;102.61;1
20140209 225330;102.61;1
20140209 225330;102.61;1
20140209 225330;102.61;1
20140209 225330;102.61;1
20140209 225330;102.61;1
20140209 225330;102.6;1
20140209 225330;102.6;1
20140209 225331;102.6;1
20140209 225331;102.6;1
20140209 225332;102.6;1
20140209 225332;102.6;1
20140209 225334;102.6;1
20140209 225334;102.6;1
20140209 225334;102.6;1
20140209 225334;102.61;1
20140209 225334;102.59;1
20140209 225334;102.61;1
20140209 225334;102.6;1
20140209 225338;102.6;1
20140209 225338;102.6;1
20140209 225339;102.6;1
20140209 225339;102.6;1
20140209 225339;102.6;1
20140209 225339;102.6;1
20140209 225339;102.61;1
20140209 225339;102.61;1
20140209 225340;102.61;1
20140209 225340;102.61;1
20140209 225340;102.61;1
20140209 225340;102.6;1
20140209 225340;102.6;1
20140209 225341;102.6;1
20140209 225342;102.6;1
20140209 225343;102.61;1
20140209 225343;102.61;1
20140209 225343;102.61;1
20140209 225343;102.61;1
20140209 225343;102.61;1
20140209 225343;102.61;1
20140209 225343;102.61;1
20140209 225344;102.61;1
20140209 225344;102.62;1
20140209 225344;102.61;1
20140209 225344;102.61;1
20140209 225344;102.61;1
20140209 225344;102.61;1
20140209 225345;102.61;1
20140209 225345;102.61;1
20140209 225345;102.62;1
20140209 225346;102.61;1
20140209 225346;102.61;1
20140209 225349;102.61;1
20140209 225400;102.6;1
20140209 225408;102.61;1
20140209 225408;102.61;1
20140209 225416;102.61;1
20140209 225416;102.61;1
20140209 225418;102.61;1
20140209 225419;102.61;1
20140209 225419;102.61;1
20140209 225421;102.6;1
20140209 225425;102.61;1
20140209 225431;102.6;1
20140209 225431;102.6;1
20140209 225437;102.6;1
20140209 225437;102.6;1
20140209 225437;102.6;1
20140209 225439;102.59;1
20140209 225439;102.59;1
20140209 225439;102.58;1
20140209 225440;102.58;1
20140209 225440;102.58;1
20140209 225440;102.58;1
20140209 225440;102.6;1
20140209 225441;102.6;1
20140209 225443;102.6;1
20140209 225443;102.6;1
20140209 225443;102.6;1
20140209 225443;102.6;1
20140209 225444;102.6;1
20140209 225445;102.6;1
20140209 225447;102.6;1
20140209 225447;102.61;1
20140209 225447;102.61;1
20140209 225448;102.6;1
20140209 225448;102.6;1
20140209 225448;102.6;1
20140209 225448;102.6;1
20140209 225448;102.6;1
20140209 225448;102.6;1
20140209 225448;102.61;1
20140209 225449;102.61;1
20140209 225450;102.61;1
20140209 225450;102.61;1
20140209 225455;102.61;1
20140209 225455;102.61;1
20140209 225456;102.61;1
20140209 225456;102.62;1
20140209 225458;102.62;1
20140209 225458;102.62;1
20140209 225458;102.62;1
20140209 225458;102.62;1
20140209 225500;102.62;1
20140209 225500;102.62;1
20140209 225500;102.62;1
20140209 225500;102.62;1
20140209 225500;102.62;1
20140209 225501;102.62;1
20140209 225501;102.62;1
20140209 225501;102.62;1
20140209 225501;102.62;1
20140209 225502;102.62;1
20140209 225502;102.62;1
20140209 225502;102.62;1
20140209 225504;102.62;1
20140209 225504;102.62;1
20140209 225504;102.62;1
20140209 225504;102.61;1
20140209 225505;102.61;1
20140209 225505;102.61;1
20140209 225505;102.61;1
20140209 225508;102.61;1
20140209 225508;102.61;1
20140209 225508;102.61;1
20140209 225508;102.61;1
20140209 225508;102.61;1
20140209 225508;102.61;1
20140209 225508;102.62;1
20140209 225508;102.62;1
20140209 225509;102.61;1
20140209 225509;102.61;1
20140209 225509;102.61;1
20140209 225509;102.61;1
20140209 225511;102.61;1
20140209 225511;102.61;1
20140209 225511;102.61;1
20140209 225511;102.61;1
20140209 225511;102.62;1
20140209 225511;102.62;1
20140209 225512;102.62;1
20140209 225512;102.62;1
20140209 225512;102.63;1
20140209 225513;102.62;1
20140209 225514;102.62;1
20140209 225514;102.62;1
20140209 225514;102.62;1
20140209 225518;102.62;1
20140209 225518;102.62;1
20140209 225519;102.62;1
20140209 225519;102.63;1
20140209 225519;102.63;1
20140209 225519;102.63;1
20140209 225519;102.63;1
20140209 225523;102.62;1
20140209 225523;102.62;1
20140209 225523;102.62;1
20140209 225523;102.62;1
20140209 225523;102.62;1
20140209 225523;102.62;1
20140209 225523;102.62;1
20140209 225525;102.62;1
20140209 225525;102.62;1
20140209 225525;102.62;1
20140209 225525;102.62;1
20140209 225525;102.62;1
20140209 225525;102.62;1
20140209 225530;102.62;1
20140209 225530;102.62;1
20140209 225531;102.63;1
20140209 225532;102.63;1
20140209 225532;102.62;1
20140209 225532;102.62;1
20140209 225533;102.62;1
20140209 225533;102.63;1
20140209 225534;102.62;1
20140209 225534;102.62;1
20140209 225539;102.62;1
20140209 225539;102.63;1
20140209 225539;102.63;1
20140209 225539;102.63;1
20140209 225540;102.63;1
20140209 225541;102.63;1
20140209 225541;102.64;1
20140209 225541;102.64;1
20140209 225542;102.64;1
20140209 225542;102.63;1
20140209 225542;102.63;1
20140209 225542;102.63;1
20140209 225542;102.65;1
20140209 225542;102.65;1
20140209 225542;102.65;1
20140209 225543;102.65;1
20140209 225543;102.65;1
20140209 225544;102.65;1
20140209 225545;102.65;1
20140209 225546;102.65;1
20140209 225547;102.65;1
20140209 225548;102.65;1
20140209 225548;102.65;1
20140209 225548;102.65;1
20140209 225548;102.65;1
20140209 225548;102.65;1
20140209 225548;102.65;1
20140209 225548;102.65;1
20140209 225548;102.65;1
20140209 225548;102.65;1
20140209 225548;102.65;1
20140209 225549;102.65;1
20140209 225550;102.65;1
20140209 225551;102.65;1
20140209 225552;102.65;1
20140209 225552;102.64;1
20140209 225552;102.65;1
20140209 225552;102.65;1
20140209 225552;102.65;1
20140209 225553;102.65;1
20140209 225553;102.65;1
20140209 225553;102.65;1
20140209 225553;102.65;1
20140209 225553;102.65;1
20140209 225554;102.65;1
20140209 225554;102.65;1
20140209 225554;102.65;1
20140209 225554;102.65;1
20140209 225554;102.65;1
20140209 225555;102.65;1
20140209 225555;102.65;1
20140209 225555;102.65;1
20140209 225555;102.65;1
20140209 225555;102.65;1
20140209 225556;102.65;1
20140209 225556;102.65;1
20140209 225556;102.65;1
20140209 225556;102.65;1
20140209 225556;102.66;1
20140209 225557;102.65;1
20140209 225557;102.65;1
20140209 225557;102.65;1
20140209 225557;102.65;1
20140209 225557;102.65;1
20140209 225557;102.65;1
20140209 225558;102.65;1
20140209 225558;102.65;1
20140209 225558;102.65;1
20140209 225558;102.65;1
20140209 225559;102.65;1
20140209 225559;102.65;1
20140209 225559;102.65;1
20140209 225559;102.65;1
20140209 225609;102.65;1
20140209 225609;102.65;1
20140209 225609;102.65;1
20140209 225609;102.65;1
20140209 225609;102.65;1
20140209 225609;102.64;1
20140209 225609;102.64;1
20140209 225610;102.64;1
20140209 225610;102.64;1
20140209 225610;102.64;1
20140209 225610;102.65;1
20140209 225610;102.65;1
20140209 225610;102.65;1
20140209 225610;102.65;1
20140209 225610;102.65;1
20140209 225610;102.65;1
20140209 225610;102.65;1
20140209 225610;102.65;1
20140209 225611;102.65;1
20140209 225611;102.65;1
20140209 225611;102.65;1
20140209 225611;102.66;1
20140209 225611;102.66;1
20140209 225611;102.66;1
20140209 225611;102.65;1
20140209 225611;102.65;1
20140209 225612;102.64;1
20140209 225613;102.64;1
20140209 225613;102.63;1
20140209 225613;102.64;1
20140209 225613;102.64;1
20140209 225613;102.63;1
20140209 225613;102.63;1
20140209 225613;102.62;1
20140209 225614;102.62;1
20140209 225614;102.62;1
20140209 225614;102.62;1
20140209 225615;102.62;1
20140209 225616;102.62;1
20140209 225618;102.62;1
20140209 225619;102.62;1
20140209 225619;102.62;1
20140209 225619;102.62;1
20140209 225619;102.62;1
20140209 225619;102.62;1
20140209 225619;102.62;1
20140209 225619;102.62;1
20140209 225619;102.62;1
20140209 225619;102.62;1
20140209 225619;102.62;1
20140209 225619;102.62;1
20140209 225619;102.62;1
20140209 225619;102.63;1
20140209 225619;102.63;1
20140209 225619;102.63;1
20140209 225619;102.62;1
20140209 225619;102.62;1
20140209 225619;102.62;1
20140209 225619;102.62;1
20140209 225619;102.62;1
20140209 225619;102.62;1
20140209 225619;102.62;1
20140209 225620;102.62;1
20140209 225620;102.62;1
20140209 225620;102.62;1
20140209 225620;102.62;1
20140209 225620;102.62;1
20140209 225620;102.62;1
20140209 225620;102.62;1
20140209 225620;102.63;1
20140209 225620;102.63;1
20140209 225620;102.63;1
20140209 225620;102.63;1
20140209 225620;102.63;1
20140209 225620;102.63;1
20140209 225620;102.63;1
20140209 225620;102.63;1
20140209 225620;102.64;1
20140209 225620;102.64;1
20140209 225620;102.64;1
20140209 225620;102.63;1
20140209 225621;102.63;1
20140209 225621;102.63;1
20140209 225621;102.63;1
20140209 225621;102.63;1
20140209 225621;102.63;1
20140209 225621;102.63;1
20140209 225621;102.63;1
20140209 225621;102.63;1
20140209 225621;102.63;1
20140209 225621;102.63;1
20140209 225621;102.63;1
20140209 225621;102.63;1
20140209 225621;102.63;1
20140209 225621;102.62;1
20140209 225621;102.62;1
20140209 225621;102.62;1
20140209 225621;102.62;1
20140209 225622;102.62;1
20140209 225622;102.62;1
20140209 225622;102.62;1
20140209 225624;102.62;1
20140209 225624;102.62;1
20140209 225624;102.62;1
20140209 225624;102.62;1
20140209 225624;102.62;1
20140209 225624;102.62;1
20140209 225625;102.62;1
20140209 225625;102.62;1
20140209 225625;102.63;1
20140209 225626;102.63;1
20140209 225626;102.62;1
20140209 225626;102.62;1
20140209 225626;102.62;1
20140209 225626;102.62;1
20140209 225626;102.62;1
20140209 225626;102.62;1
20140209 225628;102.62;1
20140209 225628;102.62;1
20140209 225628;102.63;1
20140209 225628;102.63;1
20140209 225628;102.62;1
20140209 225628;102.62;1
20140209 225628;102.62;1
20140209 225628;102.62;1
20140209 225628;102.62;1
20140209 225631;102.62;1
20140209 225635;102.62;1
20140209 225635;102.62;1
20140209 225635;102.62;1
20140209 225635;102.62;1
20140209 225635;102.62;1
20140209 225635;102.63;1
20140209 225636;102.63;1
20140209 225636;102.63;1
20140209 225636;102.63;1
20140209 225636;102.63;1
20140209 225636;102.64;1
20140209 225636;102.64;1
20140209 225638;102.64;1
20140209 225638;102.64;1
20140209 225639;102.64;1
20140209 225639;102.64;1
20140209 225639;102.64;1
20140209 225639;102.64;1
20140209 225639;102.65;1
20140209 225639;102.65;1
20140209 225639;102.65;1
20140209 225640;102.64;1
20140209 225640;102.64;1
20140209 225640;102.64;1
20140209 225640;102.65;1
20140209 225641;102.65;1
20140209 225641;102.65;1
20140209 225642;102.65;1
20140209 225642;102.65;1
20140209 225642;102.65;1
20140209 225654;102.65;1
20140209 225655;102.65;1
20140209 225702;102.64;1
20140209 225717;102.64;1
20140209 225717;102.64;1
20140209 225719;102.64;1
20140209 225719;102.64;1
20140209 225719;102.64;1
20140209 225721;102.64;1
20140209 225721;102.64;1
20140209 225722;102.64;1
20140209 225723;102.64;1
20140209 225724;102.64;1
20140209 225725;102.64;1
20140209 225726;102.64;1
20140209 225726;102.64;1
20140209 225726;102.64;1
20140209 225726;102.64;1
20140209 225726;102.64;1
20140209 225726;102.64;1
20140209 225726;102.64;1
20140209 225726;102.63;1
20140209 225727;102.63;1
20140209 225728;102.63;1
20140209 225730;102.63;1
20140209 225730;102.63;1
20140209 225730;102.63;1
20140209 225731;102.63;1
20140209 225731;102.63;1
20140209 225731;102.63;1
20140209 225731;102.63;1
20140209 225731;102.63;1
20140209 225731;102.63;1
20140209 225731;102.64;1
20140209 225741;102.64;1
20140209 225743;102.63;1
20140209 225744;102.63;1
20140209 225744;102.63;1
20140209 225744;102.63;1
20140209 225744;102.63;1
20140209 225744;102.63;1
20140209 225746;102.63;1
20140209 225746;102.63;1
20140209 225746;102.62;1
20140209 225747;102.62;1
20140209 225749;102.62;1
20140209 225749;102.62;1
20140209 225749;102.62;1
20140209 225749;102.62;1
20140209 225749;102.62;1
20140209 225749;102.62;1
20140209 225749;102.62;1
20140209 225750;102.63;1
20140209 225754;102.63;1
20140209 225755;102.62;1
20140209 225755;102.62;1
20140209 225755;102.62;1
20140209 225755;102.62;1
20140209 225755;102.63;1
20140209 225755;102.63;1
20140209 225755;102.63;1
20140209 225756;102.63;1
20140209 225801;102.63;1
20140209 225801;102.62;1
20140209 225801;102.62;1
20140209 225801;102.62;1
20140209 225801;102.62;1
20140209 225801;102.63;1
20140209 225801;102.63;1
20140209 225803;102.63;1
20140209 225810;102.63;1
20140209 225810;102.62;1
20140209 225810;102.62;1
20140209 225810;102.62;1
20140209 225810;102.63;1
20140209 225810;102.62;1
20140209 225810;102.63;1
20140209 225810;102.63;1
20140209 225811;102.62;1
20140209 225811;102.62;1
20140209 225811;102.62;1
20140209 225811;102.62;1
20140209 225811;102.62;1
20140209 225812;102.62;1
20140209 225812;102.62;1
20140209 225813;102.62;1
20140209 225813;102.62;1
20140209 225813;102.62;1
20140209 225813;102.62;1
20140209 225813;102.62;1
20140209 225818;102.62;1
20140209 225820;102.62;1
20140209 225820;102.62;1
20140209 225820;102.62;1
20140209 225820;102.62;1
20140209 225820;102.62;1
20140209 225821;102.63;1
20140209 225821;102.62;1
20140209 225821;102.63;1
20140209 225821;102.63;1
20140209 225822;102.63;1
20140209 225822;102.62;1
20140209 225822;102.62;1
20140209 225823;102.62;1
20140209 225823;102.63;1
20140209 225823;102.63;1
20140209 225824;102.62;1
20140209 225826;102.62;1
20140209 225827;102.63;1
20140209 225828;102.63;1
20140209 225830;102.62;1
20140209 225830;102.62;1
20140209 225830;102.62;1
20140209 225831;102.62;1
20140209 225831;102.62;1
20140209 225832;102.63;1
20140209 225834;102.62;1
20140209 225834;102.62;1
20140209 225834;102.62;1
20140209 225835;102.63;1
20140209 225836;102.62;1
20140209 225836;102.63;1
20140209 225836;102.62;1
20140209 225836;102.62;1
20140209 225836;102.62;1
20140209 225836;102.62;1
20140209 225838;102.63;1
20140209 225838;102.63;1
20140209 225838;102.63;1
20140209 225838;102.63;1
20140209 225838;102.63;1
20140209 225839;102.63;1
20140209 225840;102.63;1
20140209 225840;102.63;1
20140209 225841;102.62;1
20140209 225841;102.63;1
20140209 225845;102.63;1
20140209 225846;102.62;1
20140209 225847;102.61;1
20140209 225847;102.61;1
20140209 225847;102.61;1
20140209 225850;102.62;1
20140209 225850;102.62;1
20140209 225850;102.62;1
20140209 225850;102.62;1
20140209 225850;102.62;1
20140209 225850;102.62;1
20140209 225853;102.62;1
20140209 225853;102.61;1
20140209 225853;102.62;1
20140209 225856;102.62;1
20140209 225857;102.61;1
20140209 225857;102.62;1
20140209 225857;102.62;1
20140209 225905;102.62;1
20140209 225908;102.62;1
20140209 225908;102.62;1
20140209 225908;102.62;1
20140209 225908;102.62;1
20140209 225908;102.62;1
20140209 225909;102.63;1
20140209 225911;102.63;1
20140209 225911;102.63;1
20140209 225911;102.63;1
20140209 225911;102.63;1
20140209 225911;102.63;1
20140209 225911;102.63;1
20140209 225911;102.63;1
20140209 225912;102.63;1
20140209 225934;102.63;1
20140209 225934;102.63;1
20140209 225935;102.63;1
20140209 225936;102.62;1
20140209 225936;102.63;1
20140209 225944;102.63;1
20140209 225944;102.63;1
20140209 225954;102.63;1
20140209 225954;102.63;1
20140209 225954;102.63;1
20140209 225954;102.63;1
20140209 225954;102.63;1
20140209 225954;102.63;1
20140209 225957;102.62;1
20140209 225957;102.63;1
20140209 225957;102.61;1
20140209 225957;102.63;1
20140209 225957;102.63;1
20140209 225958;102.63;1
20140209 225958;102.63;1
20140209 230000;102.63;1
20140209 230000;102.63;1
20140209 230000;102.63;1
20140209 230000;102.63;1
20140209 230000;102.62;1
20140209 230000;102.62;1
20140209 230000;102.62;1
20140209 230000;102.62;1
20140209 230000;102.62;1
20140209 230000;102.62;1
20140209 230000;102.62;1
20140209 230000;102.61;1
20140209 230000;102.61;1
20140209 230000;102.61;1
20140209 230000;102.62;1
20140209 230000;102.62;1
20140209 230000;102.62;1
20140209 230000;102.62;1
20140209 230000;102.62;1
20140209 230000;102.62;1
20140209 230000;102.62;1
20140209 230000;102.62;1
20140209 230000;102.62;1
20140209 230000;102.62;1
20140209 230000;102.6;1
20140209 230000;102.6;1
20140209 230000;102.59;1
20140209 230000;102.59;1
20140209 230000;102.59;1
20140209 230000;102.6;1
20140209 230000;102.61;1
20140209 230000;102.62;1
20140209 230000;102.62;1
20140209 230000;102.63;1
20140209 230000;102.62;1
20140209 230000;102.62;1
20140209 230000;102.62;1
20140209 230000;102.62;1
20140209 230001;102.62;1
20140209 230001;102.62;1
20140209 230001;102.62;1
20140209 230001;102.62;1
20140209 230001;102.63;1
20140209 230001;102.62;1
20140209 230001;102.62;1
20140209 230002;102.62;1
20140209 230002;102.63;1
20140209 230002;102.63;1
20140209 230002;102.62;1
20140209 230002;102.62;1
20140209 230002;102.62;1
20140209 230002;102.62;1
20140209 230002;102.63;1
20140209 230002;102.63;1
20140209 230002;102.63;1
20140209 230002;102.63;1
20140209 230002;102.62;1
20140209 230002;102.62;1
20140209 230002;102.63;1
20140209 230002;102.63;1
20140209 230002;102.62;1
20140209 230003;102.62;1
20140209 230003;102.63;1
20140209 230003;102.63;1
20140209 230003;102.63;1
20140209 230003;102.63;1
20140209 230003;102.62;1
20140209 230003;102.62;1
20140209 230003;102.62;1
20140209 230003;102.63;1
20140209 230003;102.63;1
20140209 230003;102.63;1
20140209 230003;102.63;1
20140209 230003;102.62;1
20140209 230003;102.62;1
20140209 230003;102.63;1
20140209 230004;102.63;1
20140209 230004;102.62;1
20140209 230004;102.62;1
20140209 230005;102.62;1
20140209 230005;102.62;1
20140209 230006;102.62;1
20140209 230006;102.62;1
20140209 230006;102.62;1
20140209 230006;102.62;1
20140209 230006;102.63;1
20140209 230006;102.62;1
20140209 230008;102.62;1
20140209 230010;102.62;1
20140209 230011;102.62;1
20140209 230011;102.62;1
20140209 230012;102.62;1
20140209 230014;102.62;1
20140209 230014;102.62;1
20140209 230015;102.62;1
20140209 230020;102.62;1
20140209 230020;102.62;1
20140209 230020;102.62;1
20140209 230020;102.62;1
20140209 230021;102.62;1
20140209 230022;102.62;1
20140209 230022;102.62;1
20140209 230022;102.62;1
20140209 230022;102.62;1
20140209 230022;102.62;1
20140209 230023;102.62;1
20140209 230023;102.62;1
20140209 230023;102.62;1
20140209 230023;102.62;1
20140209 230023;102.62;1
20140209 230027;102.62;1
20140209 230027;102.62;1
20140209 230027;102.62;1
20140209 230030;102.61;1
20140209 230030;102.61;1
20140209 230030;102.61;1
20140209 230030;102.62;1
20140209 230035;102.62;1
20140209 230035;102.62;1
20140209 230035;102.62;1
20140209 230035;102.62;1
20140209 230035;102.62;1
20140209 230035;102.62;1
20140209 230035;102.62;1
20140209 230035;102.62;1
20140209 230035;102.62;1
20140209 230036;102.62;1
20140209 230036;102.62;1
20140209 230036;102.62;1
20140209 230036;102.62;1
20140209 230036;102.62;1
20140209 230036;102.62;1
20140209 230036;102.62;1
20140209 230036;102.62;1
20140209 230037;102.62;1
20140209 230037;102.62;1
20140209 230037;102.62;1
20140209 230037;102.62;1
20140209 230043;102.62;1
20140209 230043;102.62;1
20140209 230043;102.61;1
20140209 230043;102.62;1
20140209 230044;102.62;1
20140209 230044;102.62;1
20140209 230044;102.62;1
20140209 230044;102.62;1
20140209 230045;102.62;1
20140209 230045;102.62;1
20140209 230045;102.62;1
20140209 230045;102.62;1
20140209 230045;102.62;1
20140209 230045;102.62;1
20140209 230045;102.62;1
20140209 230045;102.62;1
20140209 230045;102.62;1
20140209 230045;102.62;1
20140209 230045;102.62;1
20140209 230045;102.62;1
20140209 230045;102.62;1
20140209 230045;102.62;1
20140209 230045;102.62;1
20140209 230045;102.62;1
20140209 230046;102.62;1
20140209 230046;102.62;1
20140209 230046;102.62;1
20140209 230046;102.62;1
20140209 230046;102.62;1
20140209 230046;102.62;1
20140209 230046;102.62;1
20140209 230046;102.62;1
20140209 230047;102.62;1
20140209 230047;102.62;1
20140209 230047;102.62;1
20140209 230047;102.62;1
20140209 230047;102.62;1
20140209 230047;102.62;1
20140209 230047;102.62;1
20140209 230048;102.62;1
20140209 230048;102.62;1
20140209 230048;102.62;1
20140209 230048;102.62;1
20140209 230048;102.62;1
20140209 230048;102.62;1
20140209 230048;102.62;1
20140209 230048;102.62;1
20140209 230048;102.62;1
20140209 230049;102.62;1
20140209 230049;102.62;1
20140209 230049;102.62;1
20140209 230049;102.62;1
20140209 230049;102.62;1
20140209 230049;102.62;1
20140209 230049;102.61;1
20140209 230049;102.61;1
20140209 230049;102.61;1
20140209 230049;102.61;1
20140209 230049;102.61;1
20140209 230049;102.62;1
20140209 230049;102.62;1
20140209 230049;102.62;1
20140209 230050;102.62;1
20140209 230050;102.62;1
20140209 230050;102.62;1
20140209 230050;102.62;1
20140209 230050;102.62;1
20140209 230050;102.62;1
20140209 230051;102.62;1
20140209 230051;102.62;1
20140209 230051;102.62;1
20140209 230051;102.62;1
20140209 230052;102.62;1
20140209 230052;102.62;1
20140209 230052;102.62;1
20140209 230052;102.62;1
20140209 230052;102.62;1
20140209 230052;102.62;1
20140209 230052;102.62;1
20140209 230054;102.62;1
20140209 230054;102.62;1
20140209 230054;102.62;1
20140209 230054;102.62;1
20140209 230054;102.62;1
20140209 230055;102.62;1
20140209 230055;102.61;1
20140209 230055;102.61;1
20140209 230055;102.61;1
20140209 230055;102.61;1
20140209 230110;102.61;1
20140209 230110;102.61;1
20140209 230112;102.61;1
20140209 230113;102.61;1
20140209 230116;102.61;1
20140209 230116;102.61;1
20140209 230131;102.61;1
20140209 230132;102.61;1
20140209 230132;102.61;1
20140209 230139;102.61;1
20140209 230139;102.61;1
20140209 230145;102.61;1
20140209 230146;102.61;1
20140209 230146;102.61;1
20140209 230147;102.61;1
20140209 230147;102.61;1
20140209 230147;102.61;1
20140209 230147;102.61;1
20140209 230149;102.61;1
20140209 230150;102.61;1
20140209 230152;102.61;1
20140209 230153;102.61;1
20140209 230200;102.61;1
20140209 230200;102.61;1
20140209 230200;102.61;1
20140209 230200;102.61;1
20140209 230201;102.61;1
20140209 230201;102.61;1
20140209 230201;102.61;1
20140209 230201;102.61;1
20140209 230201;102.61;1
20140209 230201;102.61;1
20140209 230201;102.61;1
20140209 230202;102.61;1
20140209 230204;102.61;1
20140209 230205;102.61;1
20140209 230215;102.61;1
20140209 230215;102.61;1
20140209 230215;102.61;1
20140209 230215;102.61;1
20140209 230215;102.61;1
20140209 230215;102.61;1
20140209 230215;102.61;1
20140209 230215;102.61;1
20140209 230215;102.61;1
20140209 230215;102.61;1
20140209 230215;102.61;1
20140209 230224;102.6;1
20140209 230224;102.6;1
20140209 230224;102.6;1
20140209 230224;102.6;1
20140209 230224;102.6;1
20140209 230224;102.6;1
20140209 230224;102.6;1
20140209 230224;102.6;1
20140209 230224;102.6;1
20140209 230224;102.6;1
20140209 230225;102.6;1
20140209 230230;102.6;1
20140209 230233;102.6;1
20140209 230233;102.6;1
20140209 230233;102.6;1
20140209 230233;102.6;1
20140209 230234;102.6;1
20140209 230234;102.6;1
20140209 230234;102.6;1
20140209 230235;102.6;1
20140209 230235;102.6;1
20140209 230235;102.6;1
20140209 230235;102.6;1
20140209 230235;102.6;1
20140209 230236;102.6;1
20140209 230240;102.6;1
20140209 230240;102.59;1
20140209 230240;102.59;1
20140209 230240;102.59;1
20140209 230240;102.59;1
20140209 230240;102.6;1
20140209 230240;102.59;1
20140209 230241;102.6;1
20140209 230249;102.6;1
20140209 230250;102.6;1
20140209 230250;102.6;1
20140209 230250;102.59;1
20140209 230250;102.59;1
20140209 230252;102.59;1
20140209 230253;102.59;1
20140209 230253;102.59;1
20140209 230254;102.59;1
20140209 230254;102.59;1
20140209 230254;102.59;1
20140209 230254;102.59;1
20140209 230254;102.59;1
20140209 230254;102.58;1
20140209 230254;102.58;1
20140209 230254;102.58;1
20140209 230254;102.58;1
20140209 230254;102.58;1
20140209 230254;102.58;1
20140209 230254;102.58;1
20140209 230254;102.58;1
20140209 230254;102.58;1
20140209 230254;102.58;1
20140209 230254;102.58;1
20140209 230254;102.58;1
20140209 230255;102.58;1
20140209 230255;102.58;1
20140209 230255;102.58;1
20140209 230255;102.58;1
20140209 230256;102.58;1
20140209 230256;102.58;1
20140209 230257;102.58;1
20140209 230258;102.58;1
20140209 230258;102.58;1
20140209 230258;102.58;1
20140209 230258;102.58;1
20140209 230258;102.58;1
20140209 230258;102.58;1
20140209 230258;102.58;1
20140209 230301;102.58;1
20140209 230301;102.59;1
20140209 230301;102.59;1
20140209 230301;102.59;1
20140209 230301;102.59;1
20140209 230301;102.59;1
20140209 230301;102.59;1
20140209 230301;102.59;1
20140209 230301;102.59;1
20140209 230301;102.59;1
20140209 230302;102.59;1
20140209 230302;102.59;1
20140209 230302;102.59;1
20140209 230302;102.59;1
20140209 230302;102.59;1
20140209 230302;102.59;1
20140209 230302;102.58;1
20140209 230302;102.58;1
20140209 230302;102.58;1
20140209 230302;102.59;1
20140209 230302;102.59;1
20140209 230302;102.59;1
20140209 230302;102.6;1
20140209 230302;102.6;1
20140209 230302;102.6;1
20140209 230302;102.6;1
20140209 230302;102.6;1
20140209 230303;102.6;1
20140209 230303;102.6;1
20140209 230303;102.6;1
20140209 230303;102.6;1
20140209 230303;102.6;1
20140209 230303;102.6;1
20140209 230305;102.6;1
20140209 230305;102.6;1
20140209 230305;102.6;1
20140209 230305;102.6;1
20140209 230305;102.6;1
20140209 230305;102.6;1
20140209 230305;102.6;1
20140209 230306;102.6;1
20140209 230306;102.6;1
20140209 230306;102.6;1
20140209 230308;102.6;1
20140209 230308;102.6;1
20140209 230308;102.6;1
20140209 230308;102.6;1
20140209 230308;102.6;1
20140209 230308;102.6;1
20140209 230308;102.6;1
20140209 230308;102.6;1
20140209 230310;102.6;1
20140209 230310;102.6;1
20140209 230321;102.6;1
20140209 230321;102.6;1
20140209 230321;102.6;1
20140209 230322;102.6;1
20140209 230326;102.6;1
20140209 230329;102.6;1
20140209 230329;102.6;1
20140209 230330;102.6;1
20140209 230334;102.6;1
20140209 230334;102.6;1
20140209 230335;102.6;1
20140209 230335;102.6;1
20140209 230335;102.6;1
20140209 230335;102.6;1
20140209 230337;102.6;1
20140209 230337;102.6;1
20140209 230337;102.6;1
20140209 230337;102.6;1
20140209 230338;102.6;1
20140209 230338;102.6;1
20140209 230338;102.6;1
20140209 230338;102.6;1
20140209 230339;102.6;1
20140209 230339;102.6;1
20140209 230340;102.6;1
20140209 230340;102.6;1
20140209 230340;102.6;1
20140209 230340;102.6;1
20140209 230341;102.6;1
20140209 230342;102.6;1
20140209 230342;102.6;1
20140209 230344;102.6;1
20140209 230345;102.6;1
20140209 230346;102.6;1
20140209 230347;102.6;1
20140209 230347;102.6;1
20140209 230347;102.6;1
20140209 230348;102.6;1
20140209 230348;102.6;1
20140209 230348;102.6;1
20140209 230348;102.6;1
20140209 230351;102.6;1
20140209 230351;102.59;1
20140209 230357;102.6;1
20140209 230358;102.6;1
20140209 230358;102.6;1
20140209 230358;102.6;1
20140209 230359;102.6;1
20140209 230359;102.6;1
20140209 230400;102.6;1
20140209 230400;102.6;1
20140209 230403;102.6;1
20140209 230403;102.6;1
20140209 230403;102.6;1
20140209 230403;102.6;1
20140209 230404;102.6;1
20140209 230404;102.6;1
20140209 230406;102.6;1
20140209 230406;102.6;1
20140209 230406;102.6;1
20140209 230406;102.6;1
20140209 230407;102.6;1
20140209 230407;102.6;1
20140209 230408;102.6;1
20140209 230410;102.59;1
20140209 230410;102.6;1
20140209 230415;102.6;1
20140209 230415;102.6;1
20140209 230415;102.6;1
20140209 230415;102.6;1
20140209 230416;102.6;1
20140209 230416;102.6;1
20140209 230416;102.6;1
20140209 230418;102.59;1
20140209 230425;102.6;1
20140209 230425;102.6;1
20140209 230426;102.6;1
20140209 230429;102.6;1
20140209 230429;102.6;1
20140209 230430;102.6;1
20140209 230430;102.6;1
20140209 230445;102.6;1
20140209 230447;102.6;1
20140209 230450;102.6;1
20140209 230450;102.6;1
20140209 230450;102.6;1
20140209 230450;102.6;1
20140209 230451;102.6;1
20140209 230452;102.6;1
20140209 230454;102.59;1
20140209 230454;102.59;1
20140209 230501;102.59;1
20140209 230501;102.59;1
20140209 230501;102.59;1
20140209 230508;102.59;1
20140209 230512;102.59;1
20140209 230512;102.59;1
20140209 230512;102.59;1
20140209 230512;102.59;1
20140209 230512;102.59;1
20140209 230512;102.59;1
20140209 230512;102.59;1
20140209 230513;102.59;1
20140209 230513;102.59;1
20140209 230513;102.59;1
20140209 230513;102.59;1
20140209 230513;102.59;1
20140209 230513;102.59;1
20140209 230513;102.59;1
20140209 230513;102.59;1
20140209 230513;102.59;1
20140209 230513;102.59;1
20140209 230513;102.59;1
20140209 230513;102.59;1
20140209 230513;102.59;1
20140209 230513;102.59;1
20140209 230513;102.59;1
20140209 230514;102.59;1
20140209 230525;102.59;1
20140209 230525;102.59;1
20140209 230525;102.59;1
20140209 230526;102.59;1
20140209 230526;102.59;1
20140209 230527;102.59;1
20140209 230529;102.59;1
20140209 230529;102.59;1
20140209 230534;102.59;1
20140209 230535;102.59;1
20140209 230536;102.59;1
20140209 230538;102.59;1
20140209 230538;102.6;1
20140209 230541;102.6;1
20140209 230548;102.59;1
20140209 230557;102.6;1
20140209 230610;102.6;1
20140209 230611;102.6;1
20140209 230611;102.6;1
20140209 230614;102.6;1
20140209 230617;102.6;1
20140209 230617;102.6;1
20140209 230625;102.6;1
20140209 230625;102.6;1
20140209 230626;102.6;1
20140209 230633;102.6;1
20140209 230634;102.6;1
20140209 230634;102.6;1
20140209 230634;102.6;1
20140209 230634;102.6;1
20140209 230637;102.6;1
20140209 230640;102.6;1
20140209 230643;102.6;1
20140209 230646;102.6;1
20140209 230654;102.6;1
20140209 230700;102.6;1
20140209 230700;102.6;1
20140209 230700;102.6;1
20140209 230709;102.6;1
20140209 230716;102.6;1
20140209 230717;102.6;1
20140209 230723;102.6;1
20140209 230723;102.6;1
20140209 230723;102.6;1
20140209 230723;102.6;1
20140209 230723;102.6;1
20140209 230723;102.6;1
20140209 230724;102.6;1
20140209 230729;102.6;1
20140209 230730;102.6;1
20140209 230733;102.6;1
20140209 230733;102.6;1
20140209 230742;102.6;1
20140209 230749;102.6;1
20140209 230749;102.6;1
20140209 230750;102.6;1
20140209 230750;102.6;1
20140209 230753;102.6;1
20140209 230759;102.6;1
20140209 230805;102.6;1
20140209 230809;102.6;1
20140209 230820;102.6;1
20140209 230832;102.6;1
20140209 230832;102.6;1
20140209 230833;102.6;1
20140209 230853;102.6;1
20140209 230904;102.6;1
20140209 230910;102.6;1
20140209 230915;102.6;1
20140209 230923;102.6;1
20140209 230925;102.6;1
20140209 230925;102.6;1
20140209 230930;102.6;1
20140209 230934;102.6;1
20140209 230934;102.6;1
20140209 230934;102.6;1
20140209 230939;102.6;1
20140209 230945;102.6;1
20140209 230947;102.6;1
20140209 230948;102.6;1
20140209 231002;102.6;1
20140209 231007;102.6;1
20140209 231012;102.6;1
20140209 231016;102.6;1
20140209 231046;102.6;1
20140209 231048;102.6;1
20140209 231053;102.6;1
20140209 231053;102.6;1
20140209 231053;102.6;1
20140209 231053;102.6;1
20140209 231053;102.6;1
20140209 231053;102.6;1
20140209 231053;102.6;1
20140209 231053;102.6;1
20140209 231053;102.6;1
20140209 231053;102.6;1
20140209 231053;102.6;1
20140209 231053;102.6;1
20140209 231053;102.6;1
20140209 231053;102.6;1
20140209 231053;102.6;1
20140209 231053;102.6;1
20140209 231053;102.6;1
20140209 231053;102.6;1
20140209 231053;102.6;1
20140209 231055;102.6;1
20140209 231055;102.6;1
20140209 231055;102.6;1
20140209 231055;102.6;1
20140209 231055;102.6;1
20140209 231055;102.6;1
20140209 231055;102.6;1
20140209 231057;102.6;1
20140209 231122;102.6;1
20140209 231126;102.6;1
20140209 231126;102.6;1
20140209 231127;102.6;1
20140209 231127;102.6;1
20140209 231127;102.59;1
20140209 231127;102.59;1
20140209 231127;102.59;1
20140209 231127;102.59;1
20140209 231127;102.59;1
20140209 231127;102.59;1
20140209 231148;102.6;1
20140209 231148;102.6;1
20140209 231155;102.6;1
20140209 231201;102.6;1
20140209 231206;102.6;1
20140209 231206;102.6;1
20140209 231209;102.6;1
20140209 231227;102.6;1
20140209 231227;102.6;1
20140209 231228;102.6;1
20140209 231228;102.6;1
20140209 231228;102.6;1
20140209 231228;102.6;1
20140209 231228;102.6;1
20140209 231232;102.6;1
20140209 231232;102.6;1
20140209 231233;102.6;1
20140209 231238;102.6;1
20140209 231238;102.6;1
20140209 231238;102.6;1
20140209 231238;102.6;1
20140209 231238;102.6;1
20140209 231238;102.6;1
20140209 231238;102.6;1
20140209 231238;102.6;1
20140209 231238;102.6;1
20140209 231238;102.6;1
20140209 231238;102.6;1
20140209 231238;102.6;1
20140209 231238;102.6;1
20140209 231238;102.6;1
20140209 231239;102.6;1
20140209 231239;102.6;1
20140209 231239;102.6;1
20140209 231239;102.6;1
20140209 231239;102.6;1
20140209 231239;102.6;1
20140209 231249;102.6;1
20140209 231249;102.6;1
20140209 231259;102.6;1
20140209 231313;102.6;1
20140209 231321;102.6;1
20140209 231343;102.6;1
20140209 231343;102.6;1
20140209 231344;102.6;1
20140209 231344;102.6;1
20140209 231344;102.6;1
20140209 231347;102.6;1
20140209 231347;102.6;1
20140209 231348;102.6;1
20140209 231348;102.6;1
20140209 231402;102.6;1
20140209 231402;102.6;1
20140209 231405;102.6;1
20140209 231406;102.6;1
20140209 231409;102.6;1
20140209 231420;102.6;1
20140209 231426;102.6;1
20140209 231431;102.6;1
20140209 231431;102.6;1
20140209 231435;102.6;1
20140209 231435;102.6;1
20140209 231439;102.6;1
20140209 231440;102.6;1
20140209 231501;102.6;1
20140209 231513;102.6;1
20140209 231532;102.59;1
20140209 231532;102.59;1
20140209 231532;102.59;1
20140209 231532;102.6;1
20140209 231532;102.6;1
20140209 231538;102.6;1
20140209 231539;102.59;1
20140209 231539;102.59;1
20140209 231539;102.6;1
20140209 231539;102.6;1
20140209 231540;102.6;1
20140209 231540;102.59;1
20140209 231540;102.59;1
20140209 231540;102.59;1
20140209 231540;102.59;1
20140209 231540;102.6;1
20140209 231540;102.6;1
20140209 231540;102.6;1
20140209 231543;102.6;1
20140209 231551;102.59;1
20140209 231551;102.59;1
20140209 231605;102.59;1
20140209 231608;102.59;1
20140209 231608;102.6;1
20140209 231608;102.6;1
20140209 231651;102.59;1
20140209 231651;102.59;1
20140209 231651;102.6;1
20140209 231651;102.6;1
20140209 231714;102.6;1
20140209 231714;102.59;1
20140209 231714;102.6;1
20140209 231714;102.59;1
20140209 231714;102.6;1
20140209 231714;102.6;1
20140209 231714;102.6;1
20140209 231714;102.6;1
20140209 231716;102.6;1
20140209 231717;102.6;1
20140209 231751;102.6;1
20140209 231752;102.6;1
20140209 231823;102.6;1
20140209 231823;102.6;1
20140209 231828;102.6;1
20140209 231849;102.59;1
20140209 231849;102.59;1
20140209 231849;102.6;1
20140209 231849;102.6;1
20140209 231854;102.6;1
20140209 231854;102.6;1
20140209 231854;102.59;1
20140209 231854;102.59;1
20140209 231854;102.59;1
20140209 231900;102.6;1
20140209 231900;102.6;1
20140209 231900;102.6;1
20140209 231920;102.6;1
20140209 231920;102.6;1
20140209 231921;102.6;1
20140209 231930;102.6;1
20140209 231939;102.6;1
20140209 232001;102.6;1
20140209 232001;102.59;1
20140209 232001;102.59;1
20140209 232001;102.59;1
20140209 232001;102.59;1
20140209 232002;102.6;1
20140209 232014;102.6;1
20140209 232020;102.6;1
20140209 232020;102.6;1
20140209 232021;102.6;1
20140209 232021;102.6;1
20140209 232023;102.6;1
20140209 232023;102.6;1
20140209 232023;102.6;1
20140209 232041;102.6;1
20140209 232041;102.6;1
20140209 232041;102.59;1
20140209 232041;102.59;1
20140209 232042;102.59;1
20140209 232042;102.6;1
20140209 232042;102.6;1
20140209 232044;102.6;1
20140209 232053;102.6;1
20140209 232053;102.59;1
20140209 232053;102.59;1
20140209 232053;102.59;1
20140209 232056;102.59;1
20140209 232058;102.59;1
20140209 232122;102.59;1
20140209 232142;102.59;1
20140209 232153;102.59;1
20140209 232156;102.59;1
20140209 232234;102.59;1
20140209 232238;102.59;1
20140209 232239;102.59;1
20140209 232300;102.59;1
20140209 232300;102.59;1
20140209 232300;102.59;1
20140209 232300;102.59;1
20140209 232300;102.59;1
20140209 232300;102.59;1
20140209 232300;102.59;1
20140209 232300;102.59;1
20140209 232300;102.59;1
20140209 232300;102.59;1
20140209 232300;102.59;1
20140209 232300;102.59;1
20140209 232300;102.59;1
20140209 232300;102.59;1
20140209 232303;102.59;1
20140209 232304;102.59;1
20140209 232304;102.58;1
20140209 232305;102.58;1
20140209 232313;102.58;1
20140209 232314;102.59;1
20140209 232314;102.59;1
20140209 232314;102.59;1
20140209 232314;102.59;1
20140209 232314;102.59;1
20140209 232314;102.59;1
20140209 232314;102.59;1
20140209 232314;102.59;1
20140209 232314;102.59;1
20140209 232314;102.59;1
20140209 232314;102.59;1
20140209 232314;102.59;1
20140209 232314;102.59;1
20140209 232315;102.59;1
20140209 232315;102.59;1
20140209 232315;102.59;1
20140209 232316;102.59;1
20140209 232317;102.59;1
20140209 232318;102.59;1
20140209 232318;102.59;1
20140209 232319;102.59;1
20140209 232323;102.59;1
20140209 232324;102.59;1
20140209 232326;102.59;1
20140209 232326;102.58;1
20140209 232326;102.58;1
20140209 232330;102.58;1
20140209 232330;102.58;1
20140209 232330;102.58;1
20140209 232330;102.58;1
20140209 232330;102.59;1
20140209 232330;102.59;1
20140209 232330;102.59;1
20140209 232330;102.59;1
20140209 232330;102.58;1
20140209 232330;102.58;1
20140209 232330;102.58;1
20140209 232338;102.58;1
20140209 232338;102.59;1
20140209 232338;102.59;1
20140209 232338;102.59;1
20140209 232338;102.59;1
20140209 232338;102.59;1
20140209 232338;102.59;1
20140209 232338;102.59;1
20140209 232338;102.59;1
20140209 232338;102.59;1
20140209 232338;102.59;1
20140209 232338;102.59;1
20140209 232338;102.59;1
20140209 232338;102.59;1
20140209 232340;102.59;1
20140209 232340;102.59;1
20140209 232343;102.59;1
20140209 232347;102.59;1
20140209 232347;102.59;1
20140209 232347;102.59;1
20140209 232348;102.59;1
20140209 232348;102.59;1
20140209 232348;102.59;1
20140209 232353;102.59;1
20140209 232355;102.59;1
20140209 232355;102.59;1
20140209 232355;102.59;1
20140209 232356;102.59;1
20140209 232358;102.59;1
20140209 232401;102.59;1
20140209 232403;102.59;1
20140209 232429;102.59;1
20140209 232454;102.58;1
20140209 232454;102.59;1
20140209 232454;102.58;1
20140209 232454;102.58;1
20140209 232454;102.58;1
20140209 232454;102.58;1
20140209 232455;102.58;1
20140209 232455;102.58;1
20140209 232458;102.59;1
20140209 232504;102.58;1
20140209 232504;102.58;1
20140209 232504;102.58;1
20140209 232505;102.58;1
20140209 232505;102.58;1
20140209 232505;102.58;1
20140209 232505;102.58;1
20140209 232505;102.58;1
20140209 232511;102.58;1
20140209 232511;102.58;1
20140209 232514;102.58;1
20140209 232514;102.58;1
20140209 232515;102.58;1
20140209 232515;102.58;1
20140209 232516;102.58;1
20140209 232544;102.58;1
20140209 232545;102.58;1
20140209 232545;102.58;1
20140209 232545;102.58;1
20140209 232545;102.58;1
20140209 232545;102.58;1
20140209 232545;102.58;1
20140209 232545;102.58;1
20140209 232545;102.58;1
20140209 232545;102.58;1
20140209 232545;102.58;1
20140209 232545;102.58;1
20140209 232545;102.58;1
20140209 232545;102.58;1
20140209 232545;102.58;1
20140209 232545;102.58;1
20140209 232545;102.58;1
20140209 232545;102.58;1
20140209 232545;102.58;1
20140209 232545;102.58;1
20140209 232545;102.58;1
20140209 232545;102.58;1
20140209 232546;102.58;1
20140209 232546;102.58;1
20140209 232546;102.58;1
20140209 232546;102.58;1
20140209 232546;102.58;1
20140209 232546;102.58;1
20140209 232546;102.58;1
20140209 232546;102.58;1
20140209 232546;102.58;1
20140209 232546;102.58;1
20140209 232546;102.58;1
20140209 232546;102.58;1
20140209 232546;102.58;1
20140209 232546;102.58;1
20140209 232546;102.58;1
20140209 232548;102.58;1
20140209 232552;102.58;1
20140209 232552;102.58;1
20140209 232552;102.58;1
20140209 232552;102.58;1
20140209 232552;102.58;1
20140209 232552;102.58;1
20140209 232552;102.58;1
20140209 232552;102.58;1
20140209 232552;102.58;1
20140209 232553;102.58;1
20140209 232553;102.58;1
20140209 232553;102.58;1
20140209 232553;102.58;1
20140209 232553;102.58;1
20140209 232553;102.58;1
20140209 232553;102.58;1
20140209 232553;102.58;1
20140209 232553;102.58;1
20140209 232553;102.58;1
20140209 232553;102.58;1
20140209 232553;102.58;1
20140209 232553;102.58;1
20140209 232553;102.58;1
20140209 232558;102.58;1
20140209 232558;102.58;1
20140209 232558;102.58;1
20140209 232559;102.58;1
20140209 232559;102.58;1
20140209 232559;102.58;1
20140209 232603;102.58;1
20140209 232603;102.58;1
20140209 232603;102.58;1
20140209 232607;102.57;1
20140209 232607;102.57;1
20140209 232607;102.57;1
20140209 232607;102.57;1
20140209 232607;102.57;1
20140209 232607;102.57;1
20140209 232607;102.57;1
20140209 232607;102.57;1
20140209 232607;102.57;1
20140209 232608;102.57;1
20140209 232608;102.57;1
20140209 232608;102.57;1
20140209 232608;102.57;1
20140209 232611;102.57;1
20140209 232611;102.57;1
20140209 232611;102.57;1
20140209 232612;102.57;1
20140209 232612;102.57;1
20140209 232612;102.57;1
20140209 232637;102.56;1
20140209 232637;102.56;1
20140209 232637;102.56;1
20140209 232637;102.56;1
20140209 232637;102.56;1
20140209 232637;102.56;1
20140209 232637;102.56;1
20140209 232637;102.56;1
20140209 232637;102.56;1
20140209 232637;102.56;1
20140209 232637;102.56;1
20140209 232637;102.56;1
20140209 232643;102.56;1
20140209 232645;102.56;1
20140209 232645;102.56;1
20140209 232645;102.56;1
20140209 232645;102.56;1
20140209 232645;102.56;1
20140209 232645;102.56;1
20140209 232645;102.56;1
20140209 232646;102.56;1
20140209 232646;102.56;1
20140209 232646;102.56;1
20140209 232646;102.56;1
20140209 232646;102.56;1
20140209 232646;102.56;1
20140209 232646;102.56;1
20140209 232646;102.56;1
20140209 232650;102.56;1
20140209 232651;102.56;1
20140209 232651;102.56;1
20140209 232651;102.56;1
20140209 232652;102.56;1
20140209 232652;102.56;1
20140209 232652;102.56;1
20140209 232652;102.56;1
20140209 232652;102.56;1
20140209 232652;102.56;1
20140209 232652;102.56;1
20140209 232652;102.56;1
20140209 232655;102.56;1
20140209 232656;102.56;1
20140209 232658;102.56;1
20140209 232659;102.56;1
20140209 232659;102.56;1
20140209 232659;102.56;1
20140209 232700;102.56;1
20140209 232701;102.56;1
20140209 232701;102.56;1
20140209 232701;102.56;1
20140209 232702;102.56;1
20140209 232702;102.56;1
20140209 232703;102.56;1
20140209 232703;102.56;1
20140209 232703;102.56;1
20140209 232704;102.56;1
20140209 232704;102.56;1
20140209 232704;102.56;1
20140209 232704;102.56;1
20140209 232704;102.56;1
20140209 232704;102.56;1
20140209 232704;102.56;1
20140209 232705;102.56;1
20140209 232705;102.56;1
20140209 232706;102.56;1
20140209 232706;102.56;1
20140209 232706;102.56;1
20140209 232706;102.56;1
20140209 232706;102.56;1
20140209 232707;102.56;1
20140209 232707;102.56;1
20140209 232707;102.56;1
20140209 232708;102.56;1
20140209 232710;102.56;1
20140209 232713;102.56;1
20140209 232715;102.56;1
20140209 232715;102.56;1
20140209 232715;102.56;1
20140209 232717;102.56;1
20140209 232717;102.56;1
20140209 232717;102.56;1
20140209 232717;102.56;1
20140209 232717;102.56;1
20140209 232717;102.56;1
20140209 232717;102.56;1
20140209 232718;102.56;1
20140209 232718;102.56;1
20140209 232719;102.56;1
20140209 232720;102.56;1
20140209 232726;102.56;1
20140209 232726;102.56;1
20140209 232726;102.56;1
20140209 232726;102.56;1
20140209 232728;102.56;1
20140209 232729;102.56;1
20140209 232729;102.56;1
20140209 232729;102.56;1
20140209 232729;102.56;1
20140209 232729;102.56;1
20140209 232729;102.56;1
20140209 232729;102.56;1
20140209 232729;102.56;1
20140209 232729;102.56;1
20140209 232729;102.57;1
20140209 232730;102.57;1
20140209 232730;102.57;1
20140209 232730;102.56;1
20140209 232733;102.56;1
20140209 232734;102.56;1
20140209 232734;102.56;1
20140209 232735;102.56;1
20140209 232736;102.56;1
20140209 232736;102.56;1
20140209 232736;102.56;1
20140209 232740;102.56;1
20140209 232741;102.56;1
20140209 232741;102.56;1
20140209 232741;102.56;1
20140209 232743;102.56;1
20140209 232743;102.57;1
20140209 232744;102.57;1
20140209 232748;102.57;1
20140209 232750;102.57;1
20140209 232750;102.56;1
20140209 232750;102.56;1
20140209 232750;102.57;1
20140209 232750;102.57;1
20140209 232750;102.56;1
20140209 232750;102.56;1
20140209 232751;102.56;1
20140209 232751;102.56;1
20140209 232751;102.57;1
20140209 232752;102.57;1
20140209 232801;102.57;1
20140209 232802;102.57;1
20140209 232823;102.57;1
20140209 232825;102.57;1
20140209 232838;102.57;1
20140209 232840;102.57;1
20140209 232841;102.57;1
20140209 232841;102.57;1
20140209 232841;102.57;1
20140209 232841;102.57;1
20140209 232841;102.57;1
20140209 232841;102.57;1
20140209 232841;102.57;1
20140209 232842;102.57;1
20140209 232842;102.57;1
20140209 232842;102.57;1
20140209 232842;102.57;1
20140209 232842;102.57;1
20140209 232842;102.57;1
20140209 232842;102.57;1
20140209 232842;102.57;1
20140209 232842;102.57;1
20140209 232845;102.57;1
20140209 232851;102.57;1
20140209 232853;102.57;1
20140209 232853;102.57;1
20140209 232853;102.56;1
20140209 232853;102.56;1
20140209 232853;102.56;1
20140209 232853;102.56;1
20140209 232853;102.56;1
20140209 232854;102.56;1
20140209 232854;102.56;1
20140209 232854;102.56;1
20140209 232854;102.56;1
20140209 232854;102.56;1
20140209 232854;102.56;1
20140209 232854;102.56;1
20140209 232854;102.56;1
20140209 232856;102.56;1
20140209 232856;102.56;1
20140209 232903;102.56;1
20140209 232904;102.56;1
20140209 232904;102.56;1
20140209 232904;102.56;1
20140209 232904;102.56;1
20140209 232904;102.57;1
20140209 232904;102.57;1
20140209 232911;102.57;1
20140209 232911;102.56;1
20140209 232911;102.56;1
20140209 232911;102.56;1
20140209 232911;102.56;1
20140209 232926;102.56;1
20140209 232929;102.56;1
20140209 232933;102.56;1
20140209 232935;102.56;1
20140209 232935;102.56;1
20140209 232936;102.56;1
20140209 232942;102.56;1
20140209 233005;102.56;1
20140209 233034;102.56;1
20140209 233036;102.56;1
20140209 233039;102.56;1
20140209 233047;102.56;1
20140209 233047;102.56;1
20140209 233048;102.56;1
20140209 233051;102.56;1
20140209 233051;102.56;1
20140209 233051;102.56;1
20140209 233051;102.56;1
20140209 233051;102.56;1
20140209 233051;102.56;1
20140209 233051;102.56;1
20140209 233103;102.56;1
20140209 233108;102.56;1
20140209 233118;102.56;1
20140209 233119;102.56;1
20140209 233119;102.56;1
20140209 233119;102.56;1
20140209 233119;102.56;1
20140209 233119;102.56;1
20140209 233119;102.56;1
20140209 233121;102.56;1
20140209 233135;102.56;1
20140209 233136;102.56;1
20140209 233137;102.56;1
20140209 233139;102.56;1
20140209 233139;102.56;1
20140209 233139;102.56;1
20140209 233139;102.56;1
20140209 233140;102.55;1
20140209 233140;102.56;1
20140209 233145;102.56;1
20140209 233145;102.56;1
20140209 233145;102.56;1
20140209 233145;102.56;1
20140209 233145;102.56;1
20140209 233146;102.56;1
20140209 233146;102.56;1
20140209 233146;102.56;1
20140209 233146;102.56;1
20140209 233146;102.56;1
20140209 233147;102.56;1
20140209 233149;102.56;1
20140209 233150;102.56;1
20140209 233151;102.56;1
20140209 233221;102.56;1
20140209 233228;102.56;1
20140209 233235;102.56;1
20140209 233235;102.56;1
20140209 233235;102.56;1
20140209 233235;102.56;1
20140209 233235;102.56;1
20140209 233235;102.56;1
20140209 233235;102.56;1
20140209 233248;102.56;1
20140209 233318;102.56;1
20140209 233318;102.56;1
20140209 233318;102.56;1
20140209 233318;102.56;1
20140209 233319;102.56;1
20140209 233319;102.56;1
20140209 233319;102.56;1
20140209 233320;102.56;1
20140209 233321;102.56;1
20140209 233321;102.56;1
20140209 233321;102.56;1
20140209 233323;102.56;1
20140209 233326;102.56;1
20140209 233326;102.56;1
20140209 233327;102.56;1
20140209 233329;102.56;1
20140209 233329;102.56;1
20140209 233347;102.56;1
20140209 233347;102.56;1
20140209 233348;102.56;1
20140209 233350;102.56;1
20140209 233354;102.56;1
20140209 233354;102.56;1
20140209 233358;102.56;1
20140209 233358;102.56;1
20140209 233404;102.56;1
20140209 233404;102.56;1
20140209 233407;102.56;1
20140209 233420;102.56;1
20140209 233421;102.56;1
20140209 233424;102.56;1
20140209 233428;102.56;1
20140209 233448;102.56;1
20140209 233451;102.56;1
20140209 233451;102.56;1
20140209 233451;102.55;1
20140209 233451;102.55;1
20140209 233451;102.55;1
20140209 233452;102.55;1
20140209 233452;102.55;1
20140209 233452;102.56;1
20140209 233452;102.56;1
20140209 233452;102.56;1
20140209 233453;102.56;1
20140209 233453;102.56;1
20140209 233453;102.56;1
20140209 233453;102.56;1
20140209 233455;102.56;1
20140209 233459;102.56;1
20140209 233502;102.56;1
20140209 233503;102.56;1
20140209 233504;102.56;1
20140209 233505;102.56;1
20140209 233514;102.56;1
20140209 233515;102.56;1
20140209 233516;102.56;1
20140209 233516;102.56;1
20140209 233516;102.56;1
20140209 233521;102.56;1
20140209 233521;102.56;1
20140209 233521;102.56;1
20140209 233521;102.57;1
20140209 233521;102.57;1
20140209 233521;102.57;1
20140209 233521;102.56;1
20140209 233521;102.56;1
20140209 233521;102.56;1
20140209 233521;102.56;1
20140209 233521;102.56;1
20140209 233521;102.56;1
20140209 233530;102.56;1
20140209 233531;102.56;1
20140209 233536;102.56;1
20140209 233538;102.56;1
20140209 233550;102.57;1
20140209 233557;102.57;1
20140209 233557;102.57;1
20140209 233610;102.57;1
20140209 233613;102.57;1
20140209 233620;102.57;1
20140209 233624;102.57;1
20140209 233624;102.57;1
20140209 233624;102.57;1
20140209 233624;102.57;1
20140209 233624;102.57;1
20140209 233624;102.57;1
20140209 233624;102.57;1
20140209 233625;102.57;1
20140209 233625;102.57;1
20140209 233625;102.57;1
20140209 233625;102.57;1
20140209 233625;102.57;1
20140209 233629;102.57;1
20140209 233629;102.57;1
20140209 233629;102.57;1
20140209 233629;102.56;1
20140209 233629;102.56;1
20140209 233629;102.56;1
20140209 233629;102.56;1
20140209 233629;102.57;1
20140209 233629;102.57;1
20140209 233629;102.57;1
20140209 233629;102.57;1
20140209 233629;102.57;1
20140209 233629;102.57;1
20140209 233630;102.57;1
20140209 233630;102.57;1
20140209 233630;102.57;1
20140209 233633;102.57;1
20140209 233644;102.57;1
20140209 233644;102.58;1
20140209 233644;102.58;1
20140209 233652;102.58;1
20140209 233653;102.58;1
20140209 233700;102.58;1
20140209 233705;102.58;1
20140209 233706;102.58;1
20140209 233706;102.58;1
20140209 233707;102.58;1
20140209 233707;102.58;1
20140209 233707;102.58;1
20140209 233712;102.58;1
20140209 233712;102.58;1
20140209 233715;102.58;1
20140209 233715;102.58;1
20140209 233715;102.58;1
20140209 233716;102.58;1
20140209 233716;102.58;1
20140209 233718;102.58;1
20140209 233727;102.58;1
20140209 233727;102.58;1
20140209 233727;102.58;1
20140209 233730;102.58;1
20140209 233730;102.58;1
20140209 233731;102.58;1
20140209 233731;102.58;1
20140209 233731;102.58;1
20140209 233731;102.58;1
20140209 233731;102.58;1
20140209 233731;102.59;1
20140209 233731;102.59;1
20140209 233731;102.59;1
20140209 233731;102.59;1
20140209 233731;102.59;1
20140209 233731;102.59;1
20140209 233731;102.59;1
20140209 233731;102.59;1
20140209 233731;102.59;1
20140209 233731;102.59;1
20140209 233731;102.59;1
20140209 233731;102.59;1
20140209 233731;102.59;1
20140209 233731;102.6;1
20140209 233732;102.6;1
20140209 233732;102.6;1
20140209 233732;102.6;1
20140209 233732;102.6;1
20140209 233741;102.6;1
20140209 233741;102.6;1
20140209 233741;102.6;1
20140209 233744;102.6;1
20140209 233759;102.6;1
20140209 233800;102.6;1
20140209 233800;102.6;1
20140209 233800;102.6;1
20140209 233800;102.6;1
20140209 233800;102.6;1
20140209 233800;102.6;1
20140209 233800;102.6;1
20140209 233801;102.61;1
20140209 233801;102.61;1
20140209 233801;102.61;1
20140209 233803;102.61;1
20140209 233803;102.61;1
20140209 233803;102.61;1
20140209 233803;102.61;1
20140209 233803;102.61;1
20140209 233804;102.61;1
20140209 233804;102.61;1
20140209 233810;102.61;1
20140209 233810;102.61;1
20140209 233810;102.61;1
20140209 233810;102.61;1
20140209 233814;102.61;1
20140209 233814;102.61;1
20140209 233815;102.61;1
20140209 233825;102.61;1
20140209 233825;102.61;1
20140209 233825;102.61;1
20140209 233825;102.61;1
20140209 233825;102.61;1
20140209 233825;102.61;1
20140209 233825;102.61;1
20140209 233825;102.61;1
20140209 233825;102.61;1
20140209 233826;102.61;1
20140209 233826;102.61;1
20140209 233827;102.61;1
20140209 233827;102.62;1
20140209 233833;102.62;1
20140209 233833;102.62;1
20140209 233833;102.62;1
20140209 233833;102.62;1
20140209 233833;102.62;1
20140209 233833;102.62;1
20140209 233833;102.62;1
20140209 233833;102.62;1
20140209 233834;102.63;1
20140209 233834;102.63;1
20140209 233835;102.63;1
20140209 233835;102.63;1
20140209 233835;102.63;1
20140209 233835;102.63;1
20140209 233835;102.63;1
20140209 233835;102.63;1
20140209 233835;102.64;1
20140209 233835;102.63;1
20140209 233835;102.63;1
20140209 233836;102.63;1
20140209 233836;102.63;1
20140209 233836;102.63;1
20140209 233836;102.63;1
20140209 233836;102.63;1
20140209 233836;102.63;1
20140209 233836;102.63;1
20140209 233836;102.63;1
20140209 233836;102.63;1
20140209 233839;102.63;1
20140209 233839;102.63;1
20140209 233839;102.63;1
20140209 233839;102.63;1
20140209 233839;102.64;1
20140209 233839;102.64;1
20140209 233839;102.64;1
20140209 233839;102.64;1
20140209 233839;102.64;1
20140209 233839;102.64;1
20140209 233839;102.64;1
20140209 233839;102.65;1
20140209 233839;102.65;1
20140209 233839;102.65;1
20140209 233839;102.65;1
20140209 233839;102.65;1
20140209 233839;102.65;1
20140209 233839;102.65;1
20140209 233840;102.64;1
20140209 233840;102.64;1
20140209 233840;102.65;1
20140209 233840;102.64;1
20140209 233840;102.65;1
20140209 233840;102.65;1
20140209 233840;102.65;1
20140209 233840;102.64;1
20140209 233840;102.64;1
20140209 233840;102.64;1
20140209 233841;102.65;1
20140209 233841;102.64;1
20140209 233841;102.64;1
20140209 233841;102.64;1
20140209 233842;102.64;1
20140209 233842;102.64;1
20140209 233843;102.64;1
20140209 233843;102.64;1
20140209 233844;102.64;1
20140209 233844;102.64;1
20140209 233844;102.64;1
20140209 233844;102.64;1
20140209 233844;102.65;1
20140209 233844;102.65;1
20140209 233844;102.65;1
20140209 233844;102.64;1
20140209 233844;102.64;1
20140209 233844;102.65;1
20140209 233844;102.65;1
20140209 233844;102.65;1
20140209 233844;102.65;1
20140209 233844;102.65;1
20140209 233844;102.65;1
20140209 233844;102.65;1
20140209 233844;102.65;1
20140209 233844;102.65;1
20140209 233844;102.65;1
20140209 233844;102.65;1
20140209 233845;102.65;1
20140209 233847;102.65;1
20140209 233847;102.65;1
20140209 233847;102.65;1
20140209 233847;102.65;1
20140209 233847;102.65;1
20140209 233847;102.65;1
20140209 233847;102.65;1
20140209 233847;102.65;1
20140209 233847;102.65;1
20140209 233847;102.65;1
20140209 233847;102.65;1
20140209 233847;102.65;1
20140209 233847;102.65;1
20140209 233847;102.65;1
20140209 233847;102.65;1
20140209 233847;102.65;1
20140209 233847;102.65;1
20140209 233847;102.65;1
20140209 233847;102.65;1
20140209 233847;102.65;1
20140209 233847;102.65;1
20140209 233847;102.65;1
20140209 233847;102.65;1
20140209 233848;102.65;1
20140209 233848;102.65;1
20140209 233848;102.65;1
20140209 233848;102.65;1
20140209 233848;102.65;1
20140209 233848;102.65;1
20140209 233848;102.65;1
20140209 233848;102.64;1
20140209 233848;102.64;1
20140209 233848;102.64;1
20140209 233848;102.64;1
20140209 233848;102.64;1
20140209 233848;102.64;1
20140209 233850;102.64;1
20140209 233850;102.64;1
20140209 233850;102.64;1
20140209 233850;102.64;1
20140209 233850;102.64;1
20140209 233850;102.65;1
20140209 233852;102.65;1
20140209 233854;102.65;1
20140209 233854;102.65;1
20140209 233856;102.65;1
20140209 233856;102.65;1
20140209 233856;102.65;1
20140209 233856;102.65;1
20140209 233856;102.65;1
20140209 233856;102.65;1
20140209 233857;102.65;1
20140209 233857;102.65;1
20140209 233857;102.64;1
20140209 233857;102.64;1
20140209 233857;102.64;1
20140209 233857;102.64;1
20140209 233857;102.64;1
20140209 233857;102.64;1
20140209 233857;102.64;1
20140209 233857;102.64;1
20140209 233857;102.64;1
20140209 233857;102.64;1
20140209 233857;102.64;1
20140209 233857;102.64;1
20140209 233857;102.64;1
20140209 233857;102.64;1
20140209 233857;102.64;1
20140209 233857;102.63;1
20140209 233857;102.63;1
20140209 233857;102.63;1
20140209 233857;102.63;1
20140209 233859;102.63;1
20140209 233859;102.63;1
20140209 233859;102.63;1
20140209 233859;102.63;1
20140209 233900;102.64;1
20140209 233900;102.64;1
20140209 233900;102.64;1
20140209 233900;102.64;1
20140209 233900;102.64;1
20140209 233900;102.64;1
20140209 233900;102.64;1
20140209 233900;102.64;1
20140209 233900;102.64;1
20140209 233900;102.64;1
20140209 233900;102.64;1
20140209 233900;102.64;1
20140209 233900;102.64;1
20140209 233900;102.64;1
20140209 233902;102.64;1
20140209 233902;102.64;1
20140209 233902;102.64;1
20140209 233903;102.64;1
20140209 233903;102.64;1
20140209 233903;102.64;1
20140209 233903;102.64;1
20140209 233903;102.64;1
20140209 233905;102.64;1
20140209 233905;102.64;1
20140209 233905;102.65;1
20140209 233905;102.65;1
20140209 233905;102.64;1
20140209 233905;102.64;1
20140209 233905;102.64;1
20140209 233905;102.64;1
20140209 233905;102.64;1
20140209 233905;102.64;1
20140209 233905;102.64;1
20140209 233905;102.64;1
20140209 233905;102.64;1
20140209 233905;102.64;1
20140209 233905;102.64;1
20140209 233905;102.64;1
20140209 233905;102.63;1
20140209 233905;102.63;1
20140209 233905;102.63;1
20140209 233905;102.63;1
20140209 233905;102.63;1
20140209 233905;102.63;1
20140209 233905;102.63;1
20140209 233906;102.62;1
20140209 233906;102.62;1
20140209 233906;102.62;1
20140209 233906;102.62;1
20140209 233906;102.62;1
20140209 233906;102.62;1
20140209 233906;102.63;1
20140209 233906;102.62;1
20140209 233906;102.62;1
20140209 233906;102.62;1
20140209 233906;102.62;1
20140209 233906;102.62;1
20140209 233906;102.62;1
20140209 233906;102.63;1
20140209 233906;102.63;1
20140209 233906;102.63;1
20140209 233906;102.63;1
20140209 233906;102.63;1
20140209 233906;102.63;1
20140209 233906;102.64;1
20140209 233906;102.64;1
20140209 233906;102.63;1
20140209 233906;102.63;1
20140209 233906;102.63;1
20140209 233906;102.63;1
20140209 233906;102.63;1
20140209 233906;102.63;1
20140209 233906;102.63;1
20140209 233906;102.64;1
20140209 233906;102.64;1
